2019 3310
184 129 257 180 46
773 123 874 168 XII.
911 121 1230 167 CHABRIAS.
1277 126 1320 166 4.

188 250 520 304 auctoritate
563 248 828 315 anteibat,
870 263 1104 315 eumque
1145 244 1323 315 magis
1366 243 1573 296 milites
1616 260 1782 312 quam
1816 241 1910 312 qui

126 342 152 382 2
184 330 478 396 praeerant
528 323 918 393 suspiciebant.
1006 318 1279 390 quaeres
1329 319 1379 372 ei
1428 318 1730 371 maturavit
1769 336 1911 371 mor-

189 405 314 454 tem.
381 419 510 454 nam
552 400 681 452 dum
721 399 932 468 primus
975 397 1162 450 studet
1200 398 1425 465 portum
1465 394 1673 448 intrare
1714 393 1910 465 guber-

185 482 546 544 natoremque
594 475 750 528 iubet
792 493 854 527 eo
905 473 1152 543 derigere
1198 479 1438 540 navem,'
1469 470 1588 539 ipse
1637 469 1744 523 sibi
1791 488 1910 539 per-

185 552 346 606 niciei
380 551 510 603 fuit:
553 569 676 603 cum
711 550 856 603 enim
890 568 953 603 eo
986 550 1348 618 penetrasset,
1390 549 1604 600 ceterae
1634 563 1746 599 non
1779 548 1910 598 sunt

188 631 421 681 secutae.
480 645 585 696 quo
620 625 769 679 facto
807 624 1168 678 circumfusus
1202 622 1449 677 hostium
1483 639 1752 675 concursu
1784 639 1909 674 cum

185 702 489 756 fortissime
515 705 804 773 pugnaret,
828 702 984 753 navis
1011 703 1192 753 rostro
1220 716 1482 768 percussa
1508 697 1690 767 coepit
1716 691 1906 750 sidere.
1995 698 1999 700 ’

126 794 150 835 3
184 779 312 832 hinc
361 778 613 849 refugere
664 796 787 831 cum
834 779 1046 846 posset,
1098 775 1144 828 si
1195 793 1250 828 se
1299 775 1357 827 in
1404 791 1555 826 mare
1603 772 1909 843 deiecisset,
2018 791 2019 794 ¹

187 855 331 924 quod
388 855 612 907 suberat
670 853 861 907 classis
918 850 1372 919 Atheniensium,
1437 867 1574 920 quae
1632 847 1909 918 exciperet
2016 854 2019 917 l

183 933 466 998 natanteS,
517 929 695 999 perire
745 928 943 981 maluit
994 945 1159 996 quam
1209 926 1376 978 armis
1429 924 1660 978 abiectis
1708 942 1907 977 navem

184 1007 509 1074 relinquere,
549 1005 608 1057 in
650 1023 756 1073 qua
797 1003 980 1056 fuerat
1021 1005 1226 1055 vectuS.
1290 1001 1346 1053 id
1388 1001 1556 1054 ceteri
1595 999 1775 1054 facere
1813 1018 1907 1053 no-

184 1082 422 1151 luerunt,
457 1080 547 1149 qui
581 1080 762 1132 nando
789 1079 847 1131 in
873 1082 1058 1131 tutum
1083 1078 1466 1147 pervenerunt.
1531 1079 1589 1129 at
1613 1075 1722 1147 ille,
1754 1094 1907 1146 prae-

186 1161 332 1211 stare
372 1157 667 1210 honestam
708 1158 946 1208 mortem
988 1153 1311 1207 existimans
1353 1151 1504 1222 turpi
1544 1151 1715 1223 vitae,
1763 1170 1907 1206 com-

184 1233 364 1286 minus
405 1250 659 1304 pugnans
701 1231 827 1284 telis
869 1230 1117 1283 hostium
1157 1227 1482 1281 interfectus
1523 1230 1623 1282 est.

698 1490 863 1550 XIII.
914 1486 1403 1548 TIMOTHEUS.

127 1615 153 1666 1
336 1610 684 1684 TimotheuS,
741 1607 983 1663 Cononis
1040 1607 1210 1676 filius,
1267 1605 1640 1659 Atheniensis
1730 1605 1820 1658 hic
1873 1623 1903 1658 a

183 1691 339 1758 patre
382 1690 666 1756 acceptam
707 1685 944 1756 gloriam
984 1683 1174 1736 multis
1217 1681 1372 1735 auxit
1419 1681 1744 1734 virtutibus:
1795 1679 1904 1734 fuit

186 1764 331 1817 enim
373 1763 627 1831 disertus,
666 1761 927 1832 impiger,
967 1758 1301 1827 laboriOSUS,
1342 1757 1422 1810 rei
1463 1756 1721 1810 militaris
1762 1756 1903 1826 peri-

124 1854 150 1893 2
184 1843 274 1892 tus
315 1857 490 1908 neque
533 1837 713 1890 minus
750 1835 993 1890 civitatis
1027 1833 1311 1905 regendae.
1367 1832 1544 1886 multa
1574 1832 1738 1885 huius
1773 1835 1903 1885 sunt

183 1915 462 1986 praeclare
504 1913 666 1983 facta,
708 1912 802 1966 sed
840 1912 977 1965 haec
1011 1910 1247 1964 maxime
1281 1908 1537 1962 illustria.
1603 1906 1901 1978 Olynthios

185 1995 240 2045 et
273 1990 573 2061 Byzantios
608 1989 755 2042 bello
791 1987 1029 2059 subegit.
1095 1984 1321 2039 Samum
1362 1984 1530 2054 cepit:
1569 1984 1629 2036 in
1669 2001 1778 2053 quo
1819 2001 1902 2052 op-

182 2068 303 2137 pido
346 2065 714 2136 oppugnando
758 2063 1037 2133 superiore
1077 2061 1223 2115 bello
1257 2060 1626 2114 Athenienses
1660 2059 1811 2112 mille
1846 2062 1903 2112 et

184 2145 420 2197 ducenta
452 2142 663 2194 talenta
697 2141 1166 2209 consumpserant,
1198 2136 1254 2189 id
1278 2136 1372 2189 ille
1399 2136 1516 2190 sine
1541 2134 1655 2189 ulla
1677 2134 1901 2204 publica

184 2220 433 2289 impensa
465 2217 669 2287 populo
707 2215 970 2268 restituit.
1027 2215 1284 2267 adversus
1312 2210 1515 2266 Cotum
1546 2210 1694 2264 bella
1725 2210 1902 2281 gessit

184 2296 252 2349 ab
296 2313 469 2364 eoque
513 2292 686 2359 [mille
730 2292 806 2358 et]
851 2291 1085 2343 ducenta
1124 2289 1337 2342 talenta
1368 2287 1601 2358 praedae
1634 2285 1692 2338 in
1723 2285 1901 2356 publi-

125 2386 148 2424 3
186 2390 309 2425 cum
334 2369 569 2424 rettulit.
619 2366 877 2438 Cyzicum
905 2366 1190 2419 obsidione
1216 2363 1488 2417 liberavit.
1537 2361 1901 2415 Ariobarzani

185 2447 349 2499 simul
391 2464 515 2499 cum
541 2443 802 2516 Agesilao
846 2442 1048 2494 auxilio
1090 2439 1371 2510 profectus
1413 2441 1520 2506 est,
1562 2456 1594 2490 a
1626 2455 1733 2507 quo
1776 2456 1901 2491 cum

184 2521 329 2575 Laco
372 2521 661 2590 pecuniam
701 2521 1049 2572 numeratam
1091 2515 1409 2584 accepisset,
1450 2514 1542 2567 ille
1585 2513 1729 2567 cives
1770 2531 1900 2566 suos

186 2615 318 2669 agro
370 2601 534 2665 atque
583 2595 814 2649 urbibus
864 2593 1054 2663 augeri
1104 2591 1300 2644 maluit
1350 2608 1514 2659 quam
1566 2589 1621 2642 id
1669 2607 1901 2658 sumere,

185 2673 337 2727 cuius
379 2676 594 2741 partem
635 2671 859 2724 domum
901 2687 1056 2721 suam
1095 2667 1306 2735 quisque
1345 2664 1487 2720 ferre
1526 2668 1732 2736 posset.
1801 2664 1901 2717 ita-

185 2768 289 2819 que
332 2748 543 2817 accepit
585 2745 878 2801 Crithoten
919 2748 974 2798 et
1017 2742 1253 2796 Sestum.

125 2826 156 2878 2
334 2822 488 2876 Idem
542 2823 705 2875 classi
752 2819 1062 2892 praefectus
1113 2817 1523 2872 circumvehens
1564 2815 1902 2885 Peloponne-

186 2919 334 2970 sum,
389 2897 698 2951 Laconicen
754 2897 1082 2967 populatUS,
1138 2894 1370 2948 classem
1426 2911 1617 2947 eorum
1670 2889 1903 2962 fugavit,

186 2975 485 3046 Corcyram
527 2975 627 3027 sub
670 2973 963 3043 imperium
990 2970 1415 3025 Atheniensium
1455 2966 1670 3040 redegit
1702 2965 1903 3020 socios·
