2019 3310
158 139 264 192 102
521 149 525 152 ’
706 133 850 179 XXV.
885 129 1160 177 ATTICUS.
1209 134 1250 175 4.
1286 132 1328 174 5.

156 266 305 316 mata
344 259 742 332 pronuntiabat
783 259 838 310 et
879 253 1087 309 Graece
1128 256 1184 307 et
1224 251 1422 306 Latine
1464 251 1559 322 sic,
1597 253 1663 305 ut
1703 267 1870 320 supra

95 352 122 393 2
155 338 295 392 nihil
334 338 524 406 posset
564 334 703 387 addi.
784 331 982 402 quibus
1023 326 1188 384 rebus
1235 327 1448 381 factum
1487 330 1573 381 est
1609 329 1675 380 ut
1716 324 1869 380 Sulla

155 430 428 483 nusquam
467 427 583 464 eum
624 409 692 462 ab
736 426 792 461 se
833 406 1141 460 dimitteret
1182 405 1516 474 cuperetque
1556 419 1744 456 secum
1783 400 1870 455 de-

158 490 366 542 ducere.
446 485 698 547 cuicum
737 482 1065 553 persuadere
1113 481 1380 549 tentaret,
1427 477 1586 548 ‘noli,
1633 494 1730 531 oro
1778 475 1868 546 te,’

157 564 339 633 inquit
363 559 702 631 Pomponius
736 558 1047 611 ‘adversum
1080 574 1173 610 eos
1207 573 1293 608 me
1325 553 1465 608 velle
1497 552 1708 622 ducere,
1748 569 1873 606 cum

159 639 357 709 quibus
395 656 464 690 ne
506 638 700 689 contra
730 637 787 688 te
821 651 974 686 arma
1004 632 1221 702 ferrem,
1260 629 1486 683 Italiam
1516 625 1749 698 reliqui?
1814 630 1874 680 at

161 714 314 768 Sulla
355 710 721 765 adulescentis
764 709 947 763 officio
983 707 1294 762 collaudato
1334 704 1518 759 omnia
1549 720 1778 758 munera
1807 702 1874 772 ei,

161 808 298 860 quae
338 787 574 842 Athenis
618 788 918 856 acceperat,
957 782 1312 854 proficiscens
1352 780 1519 835 iussit
1558 778 1776 833 deferri.

99 881 123 919 3
308 863 418 919 Hic
458 863 765 933 complures
808 877 979 914 annos
1021 861 1292 927 moratuS,
1340 874 1466 910 cum
1506 858 1563 909 et
1601 854 1680 908 rei
1719 852 1876 906 fami-

158 940 283 994 liari
330 943 549 993 tantum
598 955 795 1007 operae
853 936 1032 1005 daret,
1090 936 1358 1003 quantum
1411 949 1525 985 non
1577 929 1874 1001 indiligens

160 1017 383 1070 deberet
422 1017 582 1084 pater
620 1011 877 1081 familiaS,
918 1014 974 1063 et
1015 1008 1200 1063 onmia
1239 1007 1452 1077 reliqua
1491 1010 1744 1076 tempora
1781 1007 1875 1058 aut

160 1092 362 1145 litteris
398 1094 494 1143 aut
518 1087 943 1142 Atheniensium
975 1085 1055 1138 rei
1086 1083 1340 1155 publicae
1376 1082 1662 1151 tribueret,
1699 1080 1876 1134 nihilo

100 1183 126 1223 4
161 1167 340 1220 minus
399 1164 588 1219 amicis
645 1164 857 1217 urbana
914 1160 1097 1214 officia
1151 1157 1452 1230 praestitit.
1529 1174 1660 1211 nam
1707 1159 1764 1210 et
1811 1155 1879 1208 ad

161 1241 386 1297 comitia
434 1258 623 1294 eorum
671 1237 969 1293 ventitavit
1017 1240 1095 1306 et,
1148 1235 1197 1288 si
1246 1252 1354 1305 qua
1400 1250 1489 1287 res
1537 1231 1715 1286 maior
1755 1234 1880 1285 acta

161 1321 260 1388 est,
298 1336 411 1371 non
451 1315 640 1370 defuit.
709 1315 853 1368 sicut
893 1310 1148 1368 Ciceroni
1187 1310 1246 1364 in
1286 1308 1542 1364 omnibus
1583 1308 1700 1361 eius
1740 1306 1880 1377 peri·

162 1393 297 1448 culis
332 1392 672 1463 singularem
702 1390 869 1443 fidem
900 1386 1181 1459 praebuit:
1223 1386 1311 1440 cui
1335 1404 1402 1439 ex
1432 1383 1616 1455 patria
1642 1381 1881 1454 fugienti

162 1468 480 1523 sestertium
545 1467 781 1520 ducenta
835 1468 892 1518 et
956 1462 1361 1534 quinquaginta
1423 1459 1578 1513 milia
1640 1457 1881 1512 donavit.

101 1561 127 1600 5
161 1542 538 1614 tranquillatis
573 1546 759 1595 autem
793 1541 956 1593 rebus
983 1538 1249 1592 Romanis
1280 1535 1605 1608 remigravit
1628 1533 1881 1604 Romam,

161 1624 224 1675 ut
278 1620 475 1689 opinor
523 1616 582 1671 L.
633 1616 802 1671 Cotta
857 1614 917 1668 L.
965 1614 1248 1684 Torquato
1307 1611 1655 1666 consulibus:
1719 1626 1882 1679 quem

163 1695 534 1750 discedentem
577 1693 655 1746 sic
694 1692 952 1745 universa
992 1690 1187 1743 civitas
1228 1686 1655 1742 Atheniensium
1697 1702 1883 1755 prose-

164 1775 291 1826 cuta
316 1774 416 1840 est,
455 1773 519 1822 ut
550 1767 794 1822 lacrimis
828 1766 1085 1820 desiderii
1117 1763 1293 1818 futuri
1327 1763 1574 1817 dolorem
1598 1759 1883 1814 indicaret.

103 1849 137 1904 5
312 1845 574 1899 Habebat
624 1843 954 1897 avunculum
1004 1841 1066 1904 Q.
1108 1839 1433 1909 Caecilium,
1485 1837 1729 1907 equitem
1776 1833 1884 1888 Ro-

164 1940 410 1992 manum,
465 1919 797 1973 familiarem
850 1917 909 1971 L.
951 1916 1193 1987 Luculli,
1250 1915 1500 1984 divitem,
1556 1911 1884 1966 difficillima

163 2002 384 2052 natura:
443 1996 595 2050 cuius
638 1995 715 2049 sic
768 1993 1127 2064 asperitatem
1173 1991 1382 2045 veritus
1431 1992 1540 2059 est,
1585 1991 1673 2058 ut,
1721 2005 1885 2058 quem

163 2092 324 2128 nemo
365 2072 507 2126 ferre
546 2074 753 2142 posset,
792 2069 957 2123 huius
1000 2069 1117 2122 sine
1159 2066 1461 2121 offensione
1502 2064 1572 2119 ad
1612 2080 1884 2118 summam

167 2152 506 2204 senectutem
546 2145 837 2199 retinuerit
888 2143 1336 2198 benivolentiam.
1414 2159 1523 2211 quo
1563 2138 1712 2193 facto
1754 2137 1886 2191 tulit

105 2242 131 2282 ἓ
166 2225 391 2297 pietatis
432 2223 689 2277 fructum.
769 2219 1039 2275 Caecilius
1081 2220 1227 2273 enim
1267 2217 1507 2272 moriens
1547 2216 1884 2269 testamento

167 2299 452 2371 adoptavit
493 2317 618 2352 eum
656 2296 1021 2365 heredemque
1062 2294 1195 2349 fecit
1235 2312 1301 2347 ex
1342 2292 1631 2347 dodrante:
1671 2308 1738 2343 ex
1779 2305 1886 2359 qua

108 2393 132 2432 3
166 2377 472 2430 hereditate
529 2373 743 2443 accepit
791 2372 1011 2426 circiter
1060 2370 1304 2424 centiens
1354 2366 1688 2422 sestertium.
1767 2366 1887 2418 erat

167 2456 341 2522 nupta
382 2469 538 2505 soror
577 2448 758 2502 Attici
800 2447 863 2511 Q.
895 2446 1076 2500 Tullio
1113 2443 1381 2514 Ciceroni,
1421 2459 1622 2512 easque
1661 2439 1885 2510 nuptias

167 2527 240 2580 M.
282 2526 473 2582 Cicero
524 2524 868 2593 conciliarat,
918 2541 1042 2576 cum
1091 2539 1199 2591 quo
1249 2539 1281 2573 a
1329 2516 1771 2587 condiscipulatu
1810 2514 1886 2568 vi·

168 2603 333 2656 vebat
383 2600 852 2668 coniunctissime,
901 2598 1077 2652 multo
1127 2596 1297 2649 etiam
1343 2592 1672 2647 familiarius
1721 2608 1887 2661 quam

170 2697 294 2733 cum
325 2677 548 2746 Quinto,
587 2680 652 2730 ut
690 2674 921 2729 iudicari
960 2671 1140 2743 possit
1179 2671 1304 2741 plus
1337 2670 1397 2723 in
1429 2667 1674 2723 amicitia
1704 2665 1886 2720 valere

108 2770 137 2809 4
171 2753 588 2808 similitudinem
615 2770 832 2805 morum
858 2767 1022 2820 quam
1041 2746 1388 2801 affinitatem.
1420 2745 1685 2799 utebatur
1696 2744 1887 2796 autem

169 2830 364 2883 intime
406 2828 468 2891 Q.
508 2827 834 2896 Hortensio,
887 2825 980 2896 qui
1020 2824 1088 2877 iis
1130 2821 1473 2892 temporibus
1513 2818 1887 2891 principatum

171 2903 516 2975 eloquentiae
558 2903 798 2972 tenebat,
838 2904 901 2954 ut
932 2898 1182 2970 intellegi
1214 2916 1326 2951 non
1356 2898 1562 2968 posset,
1601 2897 1727 2948 uter
1762 2908 1887 2946 eum

169 2981 293 3051 plus
335 2980 605 3051 diligeret,
647 2976 839 3032 Cicero
881 2994 949 3029 an
982 2973 1339 3028 Hortensius:
1381 2975 1454 3043 et,
1492 2970 1549 3024 id
1581 2968 1728 3040 quod
1769 2969 1888 3020 erat
