2019 3310
183 119 257 172 40
831 112 874 159 X
919 114 1083 162 DION.
1136 121 1175 160 6.
1213 120 1252 160 7.

182 243 390 297 talibus
431 240 781 311 pactionibus
821 257 1013 310 pacem
1053 242 1321 309 tyrannus
1361 238 1540 294 facere
1582 239 1771 294 vellet:
1820 238 1900 294 Si-

187 319 370 373 ciliam
416 316 564 370 Dion
613 315 910 384 obtineret,
959 313 1182 367 Italiam
1222 313 1548 385 DionysiuS,
1597 313 1899 385 Syracusas

185 394 586 464 ApollocrateS‚
613 391 700 444 cui
725 391 1021 443 maximam
1046 389 1210 442 fidem
1227 390 1323 443 uni
1347 389 1603 443 habebat.
1636 389 1901 445 Dion***

124 471 158 521 6
336 467 450 522 Has
500 471 615 519 tam
663 483 956 535 prosperas
1007 469 1230 534 tamque
1279 465 1593 536 inopinatas
1641 484 1728 519 res
1778 485 1901 520 con-

187 549 373 598 secuta
414 547 498 595 est
540 541 723 594 subita
766 541 1150 610 commutatiO,
1200 541 1346 610 quod
1386 539 1612 594 fortuna
1651 559 1751 594 sua
1790 560 1902 595 mo·

187 621 428 688 bilitate,
485 636 648 687 quem
703 617 867 687 paulo
924 620 1051 669 ante
1100 616 1395 686 extulerat,
1453 616 1767 688 demergere
1816 621 1902 670 est

125 711 150 750 2
186 696 392 748 adorta.
455 694 696 763 primum
738 693 795 744 in
833 691 964 761 filio,
1005 692 1069 744 de
1112 710 1219 761 quo
1255 692 1680 745 commemoravi
1721 710 1902 762 supra,

187 789 341 824 suam
374 769 487 822 vim
520 768 776 822 exercuit.
832 786 960 820 nam
988 785 1111 820 cum
1145 786 1371 820 uxorem
1404 767 1729 837 reduxisset,
1763 785 1902 837 quae

186 847 280 899 alii
326 844 508 898 fuerat
556 844 783 911 tradita,
835 842 1117 911 filiumque
1167 842 1334 895 vellet
1381 861 1635 896 revocare
1684 842 1752 896 ad
1799 842 1904 896 vir-

186 925 363 974 tutem
405 938 436 972 a
475 919 689 989 perdita
730 919 968 985 luxuria,
1023 918 1234 987 accepit
1274 919 1665 988 gravissimum
1704 936 1902 988 parens

125 1013 151 1052 3
185 997 381 1050 vulnus
417 1000 594 1048 morte
629 993 742 1046 filii.
797 993 987 1046 deinde
1022 996 1145 1045 orta
1178 993 1447 1046 dissensio
1482 996 1568 1047 est
1601 994 1746 1046 inter
1779 1013 1903 1047 eum

187 1076 242 1125 et
280 1070 651 1138 Heraclidem,
702 1069 818 1138 qui,
868 1067 1011 1137 quod
1054 1068 1103 1120 ei
1151 1068 1526 1138 principatum
1563 1087 1676 1122 non
1717 1087 1904 1122 conce-

187 1148 365 1216 debat,
406 1145 704 1198 factionem
739 1143 1096 1213 comparavit.
1159 1161 1335 1213 neque
1369 1143 1416 1196 is
1458 1144 1639 1198 minus
1681 1145 1904 1198 valebat

186 1222 330 1292 apud
363 1222 675 1290 optimateS,
710 1238 943 1289 quorum
978 1237 1248 1272 consensu
1279 1223 1532 1288 praeerat
1565 1220 1746 1289 classi,
1779 1239 1906 1274 cum

125 1313 153 1352 4
187 1297 334 1351 Dion
390 1297 689 1349 exercitum
752 1295 1065 1364 pedestrem
1121 1298 1350 1348 teneret,
1442 1312 1556 1348 non
1611 1295 1744 1348 tulit
1798 1295 1904 1349 hoc

188 1374 369 1427 animo
413 1390 585 1441 aequo
629 1370 796 1439 Dion,
845 1373 900 1423 et
947 1388 1166 1423 versum
1215 1370 1373 1423 illum
1413 1368 1643 1424 Homeri
1685 1370 1907 1424 rettulit

188 1468 253 1502 ex
294 1447 531 1501 secunda
572 1446 882 1516 rhapsodia,
922 1445 980 1498 in
1021 1463 1128 1514 quo
1169 1445 1305 1498 haec
1339 1446 1614 1499 sententia
1648 1449 1755 1499 est:
1794 1465 1908 1500 non

187 1543 347 1595 posse
404 1524 541 1575 bene
599 1522 715 1593 geri
772 1539 887 1574 rem
950 1521 1230 1590 publicam
1286 1521 1588 1575 multorum
1644 1521 1907 1592 imperiis

189 1599 334 1669 quod
390 1567 630 1651 dictumo
648 1614 849 1667 magna
905 1596 1110 1649 invidia
1163 1600 1457 1649 consecuta
1505 1599 1613 1649 est:
1668 1615 1907 1666 namque

189 1675 467 1745 aperuisse
509 1673 797 1725 videbatur
839 1672 1023 1725 omnia
1063 1672 1120 1725 in
1157 1690 1256 1724 sua
1286 1674 1567 1742 potestate
1601 1689 1719 1725 esse
1753 1672 1907 1725 velle.

128 1766 153 1804 5
188 1751 328 1803 hanc
378 1749 468 1802 ille
517 1767 628 1802 non
676 1748 846 1801 lenire
897 1747 1188 1816 obsequiO,
1240 1747 1334 1800 sed
1383 1747 1686 1800 acerbitate
1729 1747 1908 1817 oppri-

189 1845 335 1879 mere
370 1824 597 1893 studuit,
639 1822 1110 1892 Heraclidemque,
1151 1841 1277 1876 cum
1311 1820 1612 1893 Syracusas
1648 1824 1908 1891 venisset,

189 1901 636 1954 interficiundum
678 1899 907 1952 curavit.

131 1978 161 2030 7
343 1975 497 2038 Quod
531 1975 741 2028 factum
775 1974 1028 2028 omnibus
1064 1974 1363 2027 maximum
1396 1974 1655 2027 timorem
1688 1973 1907 2028 iniecit:

189 2070 349 2106 nemo
378 2051 523 2104 enim
548 2051 644 2103 illo
672 2049 962 2103 interfecto
991 2068 1048 2102 se
1076 2053 1260 2102 tutum
1292 2049 1542 2119 putabat.
1600 2049 1694 2102 ille
1721 2053 1908 2102 autem

192 2126 502 2181 adversario
545 2130 756 2179 remoto
799 2126 1054 2179 licentius
1096 2144 1287 2179 eorum
1325 2125 1485 2193 bona,
1527 2143 1665 2194 quos
1701 2124 1911 2178 sciebat

133 2218 158 2256 2
192 2203 449 2256 adversus
492 2220 548 2254 se
591 2203 842 2270 sensisse,
884 2201 1154 2254 militibus
1197 2201 1526 2270 dispertivit.
1595 2200 1794 2269 quibus
1836 2199 1911 2253 di-

191 2279 324 2331 visis
360 2296 482 2331 cum
517 2277 804 2330 cottidiani
847 2277 1072 2330 maximi
1112 2277 1306 2329 fierent
1347 2279 1617 2344 sumptuS,
1661 2275 1912 2328 celeriter

192 2354 423 2424 pecunia
465 2353 650 2406 deesse
693 2353 896 2422 coepit,
944 2370 1143 2421 neque,
1193 2369 1300 2421 quo
1343 2369 1535 2404 manus
1586 2351 1912 2422 porrigeret,

195 2429 525 2498 suppetebat
581 2429 688 2481 nisi
746 2429 802 2481 in
860 2428 1161 2481 amicorum
1216 2426 1609 2497 possessiones,
1689 2426 1742 2478 id
1796 2426 1912 2480 eius

194 2504 341 2556 modi
391 2507 531 2573 erat,
585 2510 669 2572 ut,
719 2522 842 2556 cum
893 2504 1098 2556 milites
1149 2502 1583 2571 reconciliasset,
1632 2501 1915 2555 amitteret

134 2593 161 2632 3
197 2579 509 2647 optimates.
576 2598 808 2648 quarum
850 2597 1033 2631 rerum
1075 2596 1205 2631 cura
1237 2578 1543 2648 angebatur
1576 2580 1632 2630 et
1664 2578 1913 2630 insuetus

196 2654 337 2706 male
381 2654 631 2707 audiendi
673 2673 784 2708 non
826 2654 1008 2707 animo
1053 2672 1226 2722 aequo
1269 2652 1497 2722 ferebat,
1539 2653 1602 2706 de
1644 2671 1701 2706 se
1742 2653 1811 2706 ab
1845 2652 1913 2705 iis

194 2729 337 2782 male
380 2730 699 2799 existimari,
743 2748 976 2799 quorum
1017 2728 1181 2798 paulo
1225 2732 1351 2781 ante
1394 2729 1450 2781 in
1491 2728 1703 2782 caelum
1735 2726 1916 2780 fuerat

194 2805 372 2857 elatus
415 2804 681 2858 laudibus,
740 2806 935 2876 vulgus
972 2808 1157 2857 autem
1193 2803 1399 2856 offensa
1432 2804 1488 2858 in
1514 2822 1640 2857 eum
1673 2802 1916 2856 militum

193 2880 479 2932 voluntate
523 2880 748 2932 liberius
792 2882 1123 2949 loquebatur
1161 2884 1216 2931 et
1258 2883 1553 2948 tyrannum
1596 2896 1706 2932 non
1744 2879 1917 2932 feren-

194 2955 324 3008 dum
366 2954 678 3008 dictitabat.
