2164 3358
701 153 847 200 XXV.
880 152 1155 200 ATTICUS.
1206 157 1339 198 2-4.
1783 157 1879 211 101

152 279 377 337 afferret
423 279 504 334 rei
553 279 840 350 familiari,
893 278 1086 333 eodem
1141 296 1403 350 magnam
1451 281 1671 349 partem
1720 279 1891 335 fortu-

150 374 349 412 narum
404 356 629 412 traiecit
677 375 918 411 suarum.
998 354 1090 409 hic
1146 355 1227 407 ita
1276 354 1443 426 vixit,
1498 358 1562 408 ut
1617 356 1890 411 universis

148 432 592 489 Atheniensibus
642 433 843 488 merito
892 434 1043 486 esset
1084 431 1420 486 carissimus
1500 450 1630 485 nam
1671 437 1893 503 praeter
1925 448 1953 488 4

149 509 410 583 gratiam,
450 528 592 582 quae
624 509 737 564 iam
770 508 828 562 in
861 507 1277 562 adulescentulo
1314 525 1518 581 magna
1550 511 1688 580 erat,
1729 527 1892 580 saepe

150 586 267 642 suis
317 585 517 658 opibus
574 584 822 656 inopiam
875 602 1069 639 eorum
1126 584 1408 655 publicam
1466 584 1687 639 levavit.
1768 604 1893 640 cum

149 663 299 718 enim
332 680 618 718 versuram
651 661 833 715 facere
867 660 1089 732 publice
1122 679 1346 715 necesse
1380 666 1530 715 esset
1561 680 1740 732 neque
1775 664 1892 717 eius

150 739 532 796 condicionem
573 755 809 808 aequam
849 737 1136 808 haberent,
1178 756 1397 808 semper
1438 756 1495 792 se
1539 738 1892 810 interposuit,

147 819 317 888 atque
356 815 440 870 ita
476 817 542 869 ut
580 832 758 886 neque
799 832 1028 869 usuram
1069 833 1336 885 umquam
1379 814 1449 868 ab
1498 815 1567 868 iis
1618 816 1893 887 acceperit

146 909 328 964 neque
368 890 612 964 longina,
653 908 822 962 quam
865 891 1076 946 dictum
1119 896 1282 961 esset,
1323 891 1521 945 debere
1563 909 1761 963 passus
1803 894 1892 946 sit.

147 967 294 1040 quod
342 970 644 1040 utrumque
695 972 817 1022 erat
864 968 934 1022 iis
985 968 1251 1022 salutare:
1307 986 1438 1022 nam
1486 986 1663 1039 neque
1715 969 1891 1024 indul·
1926 983 1952 1024 5

144 1044 328 1118 gendo
368 1044 776 1099 inveterascere
818 1063 1011 1099 eorum
1045 1063 1137 1099 aes
1173 1045 1416 1100 alienum
1451 1045 1773 1116 patiebatur
1804 1065 1892 1100 ne-

145 1139 252 1192 que
293 1120 737 1192 multiplicandis
770 1121 956 1175 usuris
991 1140 1253 1176 crescere.
1315 1122 1471 1176 auxit
1503 1122 1609 1176 hoc
1645 1121 1890 1177 officium
1925 1138 1951 1179 6

144 1197 256 1253 alia
297 1215 518 1269 quoque
560 1197 926 1252 liberalitate:
975 1217 1105 1252 nam
1147 1199 1436 1253 universos
1478 1197 1760 1253 frumento
1802 1199 1892 1254 do·

143 1274 318 1346 navit,
356 1274 440 1328 ita
478 1277 544 1329 ut
585 1274 823 1348 singulis
866 1275 983 1329 seni
1029 1275 1199 1329 modii
1242 1275 1420 1330 tritici
1462 1275 1754 1347 darentur,
1796 1277 1889 1347 qui

146 1351 343 1406 modus
385 1369 677 1406 mensurae
720 1351 1031 1406 medimnus
1073 1352 1314 1406 Athenis
1356 1353 1687 1423 appellatur.

298 1426 407 1483 Hie
448 1430 638 1482 autem
679 1427 759 1482 sic
801 1446 860 1482 se
902 1429 1159 1501 gerebat,
1212 1432 1275 1482 ut
1317 1430 1626 1483 communis
1669 1429 1896 1501 infimiS,
1925 1432 1959 1487 3

143 1522 246 1577 par
293 1503 642 1576 principibus
692 1503 988 1559 videretur.
1070 1523 1180 1576 quo
1238 1505 1451 1560 factum
1508 1509 1596 1559 est
1651 1509 1716 1560 ut
1761 1506 1892 1562 huic

145 1598 339 1635 omnes
371 1579 630 1652 honores,
672 1599 812 1652 quos
846 1585 1094 1653 possent,
1135 1582 1356 1652 publice
1391 1582 1666 1637 haberent
1695 1583 1892 1638 civem-

142 1674 250 1728 que
304 1655 487 1713 faeere
546 1656 861 1712 studerent:
919 1677 1029 1730 quo
1089 1659 1358 1713 beneficio
1417 1659 1510 1713 ille
1567 1660 1651 1713 uti
1709 1660 1891 1714 noluit

143 1733 316 1806 [quod
370 1734 633 1789 nonnulli
690 1734 773 1788 ita
831 1735 1301 1806 interpretantur,
1359 1736 1546 1790 amitti
1604 1737 1886 1791 civitatem

142 1808 456 1866 Romanam
496 1810 607 1865 alia
655 1811 874 1880 ascitaJ.
956 1812 1220 1882 quamdiu
1272 1812 1454 1883 affuit,
1501 1831 1569 1866 ne
1621 1832 1731 1884 qua
1780 1814 1886 1868 sibi
1922 1827 1948 1868 2

143 1889 335 1942 statua
381 1891 708 1959 poneretur,
758 1888 995 1959 restitit,
1048 1889 1248 1943 absens
1299 1857 1594 1960 prohibere
1635 1909 1748 1944 non
1796 1909 1887 1961 po-

143 1963 271 2018 tuit.
333 1962 525 2035 itaque
560 1964 777 2036 aliquot
817 1966 925 2036 ipsi
969 1968 1027 2019 et
1060 1965 1293 2019 Phidiae
1335 1966 1473 2021 locis
1517 1967 1887 2021 sanctissimis

140 2043 472 2112 posuerunt.
518 2040 668 2095 hunc
717 2041 865 2095 enim
915 2042 972 2095 in
1022 2043 1173 2096 omni
1222 2043 1614 2113 procuratione
1664 2044 1741 2096 rei
1791 2063 1886 2114 pu-

141 2116 319 2173 blicae
384 2120 632 2172 actorem
698 2122 1094 2190 auctoremque
1164 2119 1450 2174 habebant
1513 2120 1882 2206 potissimum.

137 2192 316 2267 igitur
354 2193 599 2265 primum
640 2193 778 2249 illud
820 2214 1019 2250 munus
1062 2195 1336 2268 fortunae,
1379 2197 1525 2267 quod
1561 2198 1617 2250 in
1651 2215 1716 2250 ea
1748 2197 1881 2250 urbe
1917 2211 1944 2252 3

139 2272 306 2325 natus
355 2274 467 2342 est,
525 2271 585 2325 in
634 2288 745 2341 qua
799 2271 1144 2327 domicilium
1195 2273 1346 2328 orbis
1404 2278 1680 2327 terrarum
1737 2278 1884 2327 esset

140 2346 386 2419 imperii,
448 2351 514 2402 ut
562 2347 792 2402 eandem
842 2352 900 2402 et
947 2350 1190 2420 patriam
1238 2350 1471 2404 haberet
1527 2354 1584 2402 et
1635 2349 1883 2419 domum3

140 2420 249 2478 hoe
288 2423 570 2496 specimen
609 2424 955 2496 prudentiae,
997 2427 1159 2497 quod,
1217 2445 1341 2481 cum
1395 2427 1450 2480 in
1493 2444 1614 2480 eam
1656 2444 1713 2480 se
1756 2427 1883 2481 civi-

142 2500 319 2554 tatem
344 2500 694 2572 contulisset,
735 2519 876 2572 quae
911 2502 1265 2574 antiquitate,
1306 2503 1654 2557 humanitate
1681 2503 1880 2557 doctri·

140 2591 321 2646 naque
360 2580 676 2648 praestaret
717 2596 927 2650 omnes,
968 2599 1109 2633 unus
1152 2580 1200 2633 ei
1244 2578 1351 2632 fuit
1393 2579 1727 2634 carissimus.

292 2648 419 2708 Huc
457 2671 524 2708 ex
556 2653 696 2708 Asia
730 2652 888 2709 Sulla
927 2655 1196 2710 decedens
1232 2673 1356 2709 cum
1392 2656 1651 2726 venisset,
1692 2675 1876 2727 quam·
1911 2657 1945 2710 4

141 2726 234 2781 diu
276 2726 356 2782 ibi
402 2726 534 2800 fuit,
585 2748 773 2786 secum
821 2732 1021 2786 habuit
1063 2732 1455 2818 Pomponium,
1505 2737 1700 2818 captus
1751 2733 1876 2786 adu·

138 2802 401 2859 lescentis
441 2806 500 2858 et
537 2804 888 2862 humanitate
931 2812 988 2862 et
1028 2809 1295 2863 doctrina.
1358 2809 1437 2863 sic
1479 2809 1624 2863 enim
1668 2808 1875 2862 Graece

138 2879 499 2952 loquebatur,
537 2885 603 2936 ut
641 2881 880 2938 Athenis
922 2888 1087 2938 natus
1132 2885 1434 2956 videretur3
1490 2889 1649 2939 tanta
1690 2889 1873 2938 autem

139 2956 388 3012 suavitas
430 2960 552 3011 erat
592 2960 864 3014 sermonis
900 2959 1102 3031 Latini,
1144 2965 1207 3015 ut
1248 2966 1541 3033 appareret
1582 2962 1637 3015 in
1679 2979 1742 3014 eo
1783 2978 1873 3014 na-

138 3033 316 3089 tivum
351 3031 624 3106 quendam
657 3033 904 3106 leporem
938 3055 1073 3109 esse,
1115 3055 1225 3092 non
1261 3038 1513 3093 ascitum.
1572 3037 1715 3090 idem
1748 3054 1873 3107 poe·
