2164 3358
0 0 22 37 r

0 37 10 87 f.

0 91 14 123 r.

0 133 6 175 Ι

0 179 14 242 ἓ

668 111 790 158 XVI.
826 111 1180 158 PELOPIDAS.
1230 116 1272 157 5.
1768 113 1841 167 65

0 247 5 297 ἑ
92 237 304 294 factum
343 255 648 309 numquam
692 238 877 293 animo
919 237 1129 309 placari
1170 237 1358 308 potuit
1390 237 1449 291 in
1482 256 1624 307 eum,
1666 256 1697 291 a
1731 256 1841 308 quo

93 317 216 370 erat
254 313 514 368 violatus.
595 314 784 386 itaque
834 314 1117 386 persuasit
1156 312 1436 368 Thebanis
1485 317 1550 368 ut
1591 314 1840 368 subsidio

91 389 415 447 Thessaliae
474 390 958 462 proficiscerentur
1010 394 1389 476 tyrannosque
1439 391 1556 445 eius
1606 390 1841 462 expelle-

91 471 234 523 rent.
296 467 452 522 cuius
494 468 628 522 belli
664 486 789 523 cum
823 467 873 522 ei
908 485 1127 521 summa
1159 471 1308 521 esset
1341 467 1472 522 data
1505 486 1681 538 eoque
1715 486 1842 522 cum
1875 481 1901 521 3

93 544 341 599 exercitu
383 543 669 615 profectus
711 547 877 614 esset,
915 562 1029 598 non
1070 543 1376 614 dubitavit,
1431 544 1664 599 simulac
1718 563 1843 599 con-

94 620 280 693 spexit
311 620 551 691 hostem,
593 620 909 694 confligere.
973 620 1033 674 in
1066 639 1176 692 quo
1211 621 1424 692 proelio
1459 620 1842 676 Alexandrum
1876 635 1904 675 4

93 701 158 753 ut
199 697 610 769 animadvertit,
650 697 910 752 incensus
944 697 1029 751 ira
1063 716 1268 768 equum
1301 698 1360 752 in
1386 716 1512 753 eum
1539 698 1844 753 concitavit

94 774 399 847 proculque
440 773 724 848 digressus
760 793 793 829 a
825 773 942 829 suis
977 774 1234 829 coniectu
1271 774 1514 829 telorum
1549 774 1841 830 confossus

95 849 353 907 concidit.
413 853 581 922 atque
622 850 729 906 hoc
764 851 1003 906 secunda
1028 851 1266 906 victoria
1299 851 1526 906 accidit:
1566 871 1697 906 nam
1730 852 1843 906 iam

95 927 396 984 inclinatae
436 931 597 983 erant
637 931 1006 1000 tyrannorum
1050 928 1257 999 copiae.
1319 947 1429 1000 quo
1462 927 1614 984 facto
1650 947 1842 983 omnes
1878 942 1904 983 5

94 1002 416 1060 Thessaliae
482 1004 742 1060 civitates
807 1003 1167 1060 interfectum
1232 1004 1558 1077 Pelopidam
1623 1006 1843 1061 coronis

95 1080 279 1137 aureis
329 1084 388 1137 et
436 1082 640 1137 statuis
691 1082 876 1137 aeneis
933 1082 1252 1153 liberosque
1303 1082 1422 1137 eius
1472 1082 1651 1137 multo
1707 1101 1842 1155 agro

95 1157 389 1215 donarunt.

787 1284 1150 1291 ————

617 1421 810 1483 XVII.
860 1421 1336 1485 AGESILAUS.

249 1541 548 1616 Agesilaus
590 1540 1063 1598 Lacedaemonius
1114 1563 1240 1598 cum
1290 1562 1321 1597 a
1363 1543 1561 1599 ceteris
1612 1544 1844 1616 scripto·
1883 1548 1909 1598 1

96 1618 253 1674 ribus
294 1622 417 1675 tum
458 1619 657 1674 eximie
692 1639 723 1674 a
765 1619 1138 1691 Xenophonte
1172 1618 1458 1676 Socratico
1495 1620 1844 1678 collaudatus

0 1725 2 1730 ·
97 1698 208 1752 est:
248 1714 314 1751 eo
356 1696 506 1751 enim
546 1715 680 1751 usus
723 1700 810 1752 est
850 1696 1303 1752 familiarissime.
1369 1698 1460 1753 hic
1501 1698 1746 1769 primum
1779 1699 1844 1754 de
1880 1713 1907 1752 2

96 1789 270 1848 regno
319 1791 446 1828 cum
494 1771 861 1846 Leotychide,
917 1774 1109 1829 fratris
1166 1774 1307 1845 filio,
1363 1775 1563 1829 habuit
1622 1780 1846 1831 conten-

98 1849 325 1905 tionem.
405 1868 528 1905 mos
576 1855 698 1905 erat
747 1851 894 1906 enim
949 1850 1404 1906 Lacedaemoniis
1457 1871 1487 1905 a
1537 1853 1844 1908 maioribus

98 1926 357 1998 traditus,
387 1930 454 1982 ut
476 1926 640 1983 binos
667 1928 939 1982 haberent
966 1947 1184 2000 semper
1209 1947 1384 2002 reges,
1412 1929 1637 1984 nomine
1664 1931 1843 2004 magis

98 2021 267 2076 quam
292 2002 544 2076 imperio,
570 2023 635 2060 ex
661 2004 876 2060 duabus
902 2004 1132 2059 familiis
1160 2004 1345 2060 Procli
1372 2009 1429 2059 et
1453 2004 1844 2077 EurystheniS,

98 2080 196 2152 qui
236 2080 515 2152 principes
557 2099 623 2136 ex
662 2083 930 2155 progenie
972 2081 1231 2137 Herculis
1269 2080 1502 2155 Spartae
1538 2101 1694 2157 reges
1731 2083 1844 2137 fue-

98 2161 245 2212 runt.
303 2157 506 2213 horum
540 2175 607 2213 ex
639 2159 818 2213 altera
851 2159 907 2213 in
942 2159 1173 2214 alterius
1214 2158 1461 2214 familiae
1503 2161 1686 2214 locum
1721 2160 1841 2213 fieri
1878 2173 1903 2212 3

98 2250 212 2289 non
250 2233 480 2290 licebat:
521 2234 604 2289 ita
636 2254 797 2290 suum
832 2240 1067 2307 utraque
1102 2236 1381 2291 retinebat
1415 2236 1678 2291 ordinem.
1735 2237 1843 2307 pri-

102 2326 255 2366 mum
309 2311 456 2366 ratio
513 2311 849 2384 habebatur,
906 2313 1000 2384 qui
1059 2313 1332 2368 maximus
1388 2317 1523 2367 natu
1582 2317 1728 2366 esset
1777 2332 1843 2367 ex

101 2383 293 2442 liberis
326 2388 462 2459 eiuS,
503 2389 598 2460 qui
643 2407 880 2463 regnans
915 2389 1269 2461 decessisset3
1311 2391 1396 2445 sin
1424 2391 1470 2443 is
1499 2390 1656 2443 virile
1683 2408 1841 2444 secus

102 2479 217 2517 non
255 2463 598 2538 reliquisset,
651 2470 772 2521 tum
814 2467 1186 2540 deligebatur,
1229 2467 1323 2537 qui
1365 2466 1650 2537 proximus
1693 2471 1842 2521 esset

103 2537 537 2611 propinquitate.
602 2547 857 2599 mortuus
892 2547 1013 2598 erat
1038 2544 1179 2618 Agis
1215 2562 1324 2613 rex,
1366 2542 1540 2596 frater
1567 2543 1841 2616 Agesilai:
1875 2557 1900 2596 4

103 2614 282 2669 filium
323 2615 624 2689 reliquerat
665 2618 1078 2692 Leotychidem.
1154 2639 1315 2691 quem
1359 2619 1451 2672 ille
1494 2624 1688 2674 natum
1730 2639 1841 2674 non

104 2695 365 2765 agnorant,
412 2695 644 2751 eundem
693 2698 937 2752 moriens
988 2716 1148 2752 suum
1198 2715 1317 2750 esse
1368 2696 1598 2750 dixerat.
1678 2697 1725 2751 is
1775 2698 1840 2751 de

102 2767 314 2823 honore
356 2770 513 2842 regni
553 2789 677 2827 cum
703 2774 985 2849 Agesilao,
1026 2779 1226 2845 patruo
1269 2791 1385 2842 Suo,
1427 2772 1714 2827 contendit
1753 2793 1841 2827 ne-

104 2862 210 2916 que
263 2843 318 2898 id
369 2845 517 2917 quod
567 2849 768 2918 petivit
816 2856 1145 2905 consecutus
1195 2853 1294 2903 est.
1373 2868 1504 2903 nam
1553 2848 1838 2920 Lysandro
1874 2863 1899 2900 5

104 2920 462 2995 suffragante,
502 2920 743 2995 homine,
782 2930 847 2981 ut
887 2927 1230 2982 ostendimus
1273 2945 1467 2998 supra,
1506 2925 1742 2980 factioso
1785 2930 1840 2977 et

105 2995 175 3053 iis
216 2998 566 3070 temporibus
607 3004 852 3074 potente,
891 3003 1188 3077 Agesilaus
1232 3003 1509 3057 antelatus
1552 3007 1649 3056 est.

196 3093 433 3131 conturna
458 3097 610 3132 Nasos.
1538 3096 1564 3138 5
