2019 3310
218 128 292 180 60
686 126 786 173 XV.
820 125 1285 172 EPAMINONDAS.
1336 133 1375 173 7.
1411 132 1452 172 8.

159 252 188 304 7
366 250 560 304 Fuisse
616 250 922 320 patientem
979 268 1312 318 suorumque
1376 249 1607 304 iniurias
1662 249 1935 304 ferentem

218 326 434 394 civium,
475 325 620 394 quod
662 343 718 377 se
754 325 966 394 patriae
1002 324 1348 378 irasci‘nefas
1375 343 1493 378 esse
1526 325 1766 396 duceret,
1797 325 1934 379 haec

219 406 347 453 sunt
381 400 714 453 testimonia.
781 418 906 453 cum
939 418 1063 452 eum
1103 403 1331 469 propter
1370 399 1636 453 invidiam
1669 401 1814 454 cives
1848 401 1935 454 sui

217 476 511 545 praeficere
561 475 824 528 exercitui
871 475 1179 527 noluissent
1227 474 1442 544 duxque
1492 478 1639 528 esset
1689 475 1934 530 delectus

218 551 349 602 belli
390 550 704 619 imperituS,
745 550 899 603 cuius
941 568 1124 602 errore
1164 567 1245 603 res
1284 568 1347 602 eo
1390 552 1536 602 esset
1576 549 1833 621 deducta,
1872 555 1936 604 ut

219 643 406 677 omnes
464 624 528 677 de
582 625 758 677 salute
814 625 1289 694 pertimescerent,
1345 625 1491 693 quod
1545 625 1794 678 locorum
1846 644 1936 679 an-

217 700 415 771 gustiis
474 700 646 752 clausi
702 700 770 752 ab
835 699 1090 753 hostibus
1149 699 1574 769 obsidebantur,
1637 699 1937 753 desiderari

218 778 413 844 coepta
454 778 538 827 est
570 774 987 844 Epaminondae
1029 775 1338 846 diligentia:
1380 779 1500 827 erat
1531 775 1679 828 3111111
1718 775 1798 828 ibi
1830 776 1938 845 pri-

217 853 377 902 vatus
418 868 646 902 numero
682 851 892 903 militis.
950 869 982 902 a
1011 868 1119 918 quo
1155 869 1278 902 cum
1319 853 1572 919 peterent
1605 868 1781 920 opem,
1820 851 1938 903 nul—

217 924 329 976 lam
372 925 624 977 adhibuit
666 926 988 978 memoriam
1022 925 1387 977 contumeliae
1420 928 1478 977 et
1510 926 1812 978 exercitum
1845 926 1938 979 ob-

157 1013 183 1052 3
218 999 426 1052 sidione
460 1000 758 1052 liberatum
784 1000 1008 1053 domum
1041 999 1258 1051 reduxit
1289 999 1636 1053 incolumem.
1682 1019 1783 1054 nec
1807 1019 1937 1054 vero

216 1073 321 1127 hoc
375 1075 542 1127 semel
596 1074 750 1144 fecit,
807 1075 902 1128 sed
966 1074 1199 1144 saepius.
1295 1074 1531 1127 maxime
1589 1078 1775 1128 autem
1831 1075 1939 1128 fuit

217 1149 448 1218 illustre,
489 1168 614 1202 cum
649 1150 705 1202 in
737 1118 1179 1219 Peloponnesum
1220 1149 1522 1202 exercitum
1561 1149 1809 1203 duxisset
1850 1151 1940 1204 ad—

217 1242 407 1277 versus
446 1223 909 1279 Lacedaemonios
951 1225 1289 1294 haberetque
1331 1224 1572 1296 collegas
1615 1225 1768 1294 duos,
1809 1244 1940 1295 quo-

216 1318 339 1352 rum
380 1300 522 1352 alter
563 1304 682 1353 erat
723 1299 1038 1369 Pelopidas,
1087 1300 1172 1352 vir
1219 1299 1382 1352 fortis
1424 1318 1487 1353 ac
1529 1303 1802 1353 strenuus
1880 1301 1939 1354 hi

218 1393 342 1427 cum
383 1375 707 1428 criminibus
750 1375 1190 1428 adversariorum
1231 1393 1419 1428 omnes
1460 1375 1519 1428 in
1557 1375 1822 1428 invidiam
1855 1394 1940 1429 ve-

218 1449 431 1502 nissent
472 1451 542 1502 ob
585 1469 812 1519 eamque
855 1469 970 1503 rem
1003 1450 1297 1520 imperium
1330 1450 1399 1503 iis
1425 1453 1572 1503 esset
1605 1451 1939 1522 abrogatum

220 1528 386 1593 atque
443 1525 500 1577 in
556 1543 745 1578 eorum
801 1526 984 1579 locum
1040 1525 1135 1578 alii
1189 1528 1473 1594 praetores
1530 1526 1940 1597 successissent,

157 1612 185 1651 4
219 1598 632 1668 Epaminondas
675 1601 866 1670 populi
908 1601 1048 1654 scito
1088 1618 1200 1653 non
1240 1600 1427 1669 paruit
1467 1600 1719 1669 idemque
1759 1605 1825 1654 ut
1863 1601 1940 1654 fa-

220 1678 406 1727 cerent
445 1676 721 1744 persuasit
762 1676 990 1747 collegis
1032 1679 1088 1728 et
1127 1675 1356 1745 bellum,
1409 1675 1555 1744 quod
1604 1680 1940 1746 susceperat,

220 1750 406 1820 gessit.
466 1769 703 1819 namque
738 1750 1228 1819 animadvertebat,
1258 1750 1366 1803 nisi
1399 1750 1454 1803 id
1486 1749 1723 1821 fecisset,
1757 1754 1939 1804 totum

221 1826 520 1878 exercitum
561 1829 788 1895 propter
827 1830 1146 1895 praetorum
1178 1825 1607 1895 imprudentiam
1638 1826 1940 1880 inscitiam-

159 1912 186 1952 5
222 1918 324 1968 que
381 1900 512 1952 belli
568 1901 890 1969 periturum.
969 1901 1057 1954 lex
1114 1904 1233 1954 erat
1281 1900 1507 1970 Thebis,
1564 1920 1703 1970 quae
1760 1905 1939 1955 morte

220 1975 518 2044 multabat,
561 1976 606 2028 si
649 1977 770 2044 quis
813 1976 1108 2045 imperium
1148 1976 1354 2029 diutius
1396 1976 1731 2047 retinuisset,
1773 1996 1940 2047 quam

219 2049 339 2122 lege
395 2051 749 2119 praefinitum
797 2050 955 2104 foret.
1034 2052 1175 2105 hanc
1223 2051 1636 2121 Epaminondas
1685 2071 1811 2106 cum
1860 2053 1940 2105 rei

219 2125 472 2194 publicae
515 2126 917 2179 conservandae
960 2145 1125 2180 causa
1164 2127 1336 2180 latam
1378 2127 1614 2196 videret,
1655 2127 1722 2180 ad
1762 2128 1941 2196 perni-

222 2200 358 2253 ciem
408 2201 651 2254 civitatis
700 2201 937 2254 conferri
993 2202 1174 2254 noluit
1229 2205 1285 2255 et
1337 2205 1602 2271 quattuor
1658 2202 1939 2256 mensibus

221 2275 443 2344 diutius,
486 2294 650 2345 quam
691 2277 927 2346 populus
970 2277 1223 2346 iusserat,
1264 2277 1439 2349 gessit
1480 2278 1788 2346 imperium.

162 2349 194 2402 8
374 2350 678 2420 Postquam
719 2351 942 2404 domum
983 2352 1223 2405 reditum
1265 2356 1364 2422 est,
1406 2352 1649 2422 collegae
1683 2353 1799 2406 eius
1835 2352 1939 2407 hoc

222 2426 448 2478 crimine
483 2426 899 2480 accusabantur.
958 2428 1157 2495 quibus
1192 2427 1285 2479 ille
1324 2427 1593 2496 permisit,
1634 2431 1696 2480 ut
1722 2446 1940 2481 omnem

222 2518 442 2553 causam
486 2502 541 2553 in
583 2520 640 2554 se
682 2500 1048 2554 transferrent
1090 2520 1296 2570 suaque
1347 2520 1514 2572 opera
1561 2501 1770 2556 factum
1819 2521 1941 2557 con-

155 863 182 902 10

222 2575 524 2644 tenderent,
566 2581 628 2629 ut
661 2577 770 2648 legi
803 2595 914 2629 non
949 2577 1284 2629 oboedirent.
1349 2595 1457 2646 qua
1482 2576 1795 2632 defensioue
1827 2578 1940 2631 illis

221 2650 465 2719 periculo
524 2652 775 2704 liberatis
833 2670 992 2705 nemo
1052 2651 1494 2721 Epaminondam
1550 2671 1942 2724 responsurum

161 2737 189 2776 2
223 2725 479 2794 putabat,
522 2727 666 2794 quod
716 2727 845 2796 quid
896 2727 1101 2780 diceret
1157 2745 1267 2780 non
1315 2727 1558 2781 haberet.
1638 2732 1698 2782 at
1743 2728 1836 2781 ille
1885 2728 1942 2781 in

222 2799 484 2852 iudicium
529 2802 698 2869 vcnit,
754 2802 892 2855 nihil
942 2820 1131 2855 eorum
1171 2803 1416 2873 negavit,
1464 2822 1603 2873 quae
1644 2803 1942 2857 adversarii

223 2875 439 2927 crimini
482 2875 703 2944 dabant,
746 2877 1053 2946 omniaque,
1087 2895 1225 2946 quae
1253 2877 1496 2949 collegae
1520 2879 1788 2948 dixerant,
1820 2896 1943 2932 con·

221 2948 401 3003 fessus
456 2953 541 3003 est
596 2969 771 3020 neque
831 2952 1106 3005 recusavit
1164 2953 1456 3021 quominus
1513 2953 1653 3025 legis
1708 2971 1942 3023 poenam
