2164 3358
659 111 804 161 XXII.
839 112 1177 161 HAMILCAR.
1227 121 1268 160 4.
1770 120 1842 174 89

97 236 252 308 viris,
290 237 526 308 pecunia
564 241 746 294 totam
787 239 1153 310 locupletavit
1177 238 1443 295 Africam.
1500 241 1591 297 hic
1625 261 1748 297 cum
1784 245 1841 299 in
1877 260 1902 300 2

98 311 326 369 Italiam
367 313 578 369 bellum
618 315 822 370 inferre
865 315 1254 386 meditaretur,
1307 336 1455 372 nono
1498 336 1641 372 anno
1691 325 1842 390 post-

98 407 269 462 quam
308 389 368 445 in
408 390 740 463 Hispaniam
782 396 1034 462 venerat,
1086 392 1142 446 in
1190 394 1403 463 proelio
1455 412 1711 467 pugnans
1753 397 1843 450 ad-

98 483 291 522 versus
333 465 609 523 Vettones
651 468 866 523 occisus
907 471 1008 522 est.
1070 467 1234 524 huius
1277 475 1611 542 perpetuum
1652 472 1842 527 odium
1876 489 1902 528 3

97 560 234 617 erga
280 542 566 600 Romanos
616 544 854 600 maxime
905 544 1217 600 concitasse
1268 547 1488 602 videtur
1541 549 1842 604 secundum

96 618 309 676 bellum
350 619 665 676 Poenicum.
727 638 967 692 namque
1002 620 1302 694 Hannibal,
1344 624 1491 679 filius
1534 626 1668 697 eiuS,
1710 626 1843 680 assi-

98 696 222 752 duis
246 697 427 770 patris
451 697 928 752 obtestationibus
954 716 1019 752 eo
1046 702 1134 752 est
1166 700 1484 771 perductus,
1518 706 1582 756 ut
1612 703 1842 758 interire

99 792 268 845 quam
307 772 593 829 Romanos
633 791 747 828 non
786 774 1026 839 experiri
1070 776 1280 830 mallet.

601 1036 825 1098 XXIII.
878 1037 1337 1101 HANNIBAL.

246 1153 557 1227 Hannibal,
598 1155 934 1212 Hamilcaris
977 1158 1150 1230 filius,
1204 1158 1713 1233 Karthaginiensis.
1796 1164 1842 1216 si
1882 1171 1907 1219 l

95 1250 288 1288 verum
328 1236 440 1304 est,
481 1233 630 1304 quod
669 1252 833 1289 nemo
876 1235 1125 1306 dubitat,
1167 1240 1231 1290 ut
1272 1237 1512 1307 populus
1557 1236 1842 1293 Romanus

94 1327 288 1365 omnes
338 1312 535 1383 gentes
583 1310 793 1365 virtute
843 1313 1146 1382 superarit,
1197 1332 1309 1367 non
1351 1317 1439 1368 est
1487 1314 1843 1370 infitiandum

93 1383 472 1441 Hannibalem
505 1390 665 1442 tanto
699 1389 1053 1459 praestitisse
1080 1393 1296 1443 ceteros
1324 1390 1692 1461 imperatores
1719 1411 1843 1463 pru-
1939 1462 1943 1466 ⁵

95 1462 301 1534 dentis,
341 1467 552 1536 quanto
586 1465 827 1536 populus
862 1464 1148 1520 Romanus
1184 1467 1479 1521 antecedat
1511 1468 1842 1523 fortitudine

94 1543 325 1595 cunctas
377 1540 651 1596 nationes.
730 1560 861 1596 nam
903 1543 1404 1615 quotienscumque
1447 1563 1573 1599 cum
1615 1563 1679 1599 eo
1722 1564 1845 1600 con·
1880 1563 1904 1601 ει

93 1632 323 1690 gressus
364 1620 453 1672 est
491 1617 551 1672 in
591 1615 776 1688 Italia,
817 1636 1036 1691 semper
1068 1619 1328 1675 discessit
1362 1621 1631 1691 superior.
1698 1623 1846 1693 quod

91 1692 203 1747 nisi
259 1692 411 1748 domi
468 1693 674 1749 civium
732 1713 960 1750 suorum
1027 1696 1234 1751 invidia
1291 1697 1619 1752 debilitatus
1681 1703 1846 1770 esset,

93 1767 380 1825 Romanos
437 1770 658 1825 videtur
714 1789 977 1843 superare
1035 1774 1301 1844 potuisse.
1383 1774 1478 1828 sed
1539 1775 1845 1829 multorum

95 1844 436 1902 obtrectatio
477 1847 683 1902 devicit
723 1849 887 1902 unius
930 1849 1214 1903 virtutem.

246 1921 356 1978 Hic
388 1926 578 1979 autem
611 1924 765 1979 velut
797 1925 1108 1980 hereditate
1143 1927 1402 1981 relictum
1437 1927 1627 1982 odium
1662 1933 1842 1999 pater·
1877 1950 1901 1984 3

95 2017 228 2054 num
269 2015 406 2073 erga
437 1998 723 2056 Romanos
762 2002 843 2056 sic
886 2004 1254 2074 conservavit,
1295 2007 1359 2058 ut
1398 2004 1554 2076 prius
1598 2005 1840 2059 animam

94 2093 265 2147 quam
304 2075 361 2131 id
402 2076 747 2149 deposuerit,
800 2079 895 2149 qui
938 2080 1184 2151 quidem,
1235 2099 1361 2135 cum
1412 2082 1599 2153 patria
1648 2083 1840 2153 pulsus

93 2157 245 2207 esset
292 2155 351 2207 et
399 2152 707 2209 alienarum
749 2174 918 2226 opum
969 2156 1269 2229 indigeret,
1320 2176 1625 2229 numquam
1678 2158 1841 2211 desti-

94 2229 229 2284 terit
277 2228 464 2284 animo
514 2230 720 2285 bellare
763 2250 889 2286 cum
932 2230 1217 2288 Romanis.
1296 2253 1426 2289 nam
1478 2240 1538 2288 ut
1581 2235 1840 2288 omittam
1876 2240 1909 2290 2

94 2301 443 2378 Philippum,
500 2325 665 2378 quem
723 2308 922 2363 absens
980 2309 1203 2364 hostem
1260 2311 1501 2365 reddidit
1557 2310 1841 2382 RomauiS,

95 2380 345 2438 omnium
394 2382 462 2438 iis
513 2385 861 2456 temporibus
914 2387 1343 2457 potentissimus
1387 2407 1479 2441 rex
1525 2388 1839 2442 Antiochus

96 2454 220 2511 fuit.
277 2456 425 2515 hunc
459 2464 621 2515 tanta
652 2462 960 2533 cupiditate
994 2463 1242 2518 incendit
1276 2464 1535 2532 bellandi,
1569 2470 1631 2516 ut
1666 2483 1838 2534 usque

95 2551 128 2588 a
176 2532 346 2589 rubro
393 2537 537 2591 mari
586 2556 742 2592 arma
791 2544 1024 2594 conatus
1083 2541 1158 2595 sit
1216 2541 1418 2594 inferre
1479 2539 1691 2593 ltaliae.
1773 2542 1838 2595 ad
1876 2564 1899 2595 κ

96 2627 263 2681 quem
303 2627 430 2666 cum
469 2612 643 2686 legati
684 2615 970 2670 venissent
1012 2614 1276 2686 Romani,
1327 2617 1422 2687 qui
1473 2616 1537 2670 de
1589 2617 1707 2670 eius
1752 2637 1840 2671 vo·

95 2686 312 2741 luntate
360 2687 715 2759 explorarent
763 2692 1069 2764 darentque
1119 2712 1346 2764 operam
1397 2693 1644 2747 consiliis
1696 2695 1838 2748 clan-

6 2808 8 2811 .
93 2761 330 2819 destinis
355 2766 421 2818 ut
445 2761 820 2823 Hannibalem
854 2769 910 2823 in
937 2770 1312 2841 suspicionem
1342 2770 1458 2842 regi
1487 2770 1839 2840 adducerent,

94 2841 384 2911 tamquam
425 2839 496 2894 ab
537 2841 673 2912 ipsis
711 2850 1007 2916 corruptus
1042 2846 1153 2900 alia
1187 2850 1354 2916 atque
1390 2850 1555 2900 antea
1589 2847 1838 2915 sentiret,

90 2933 272 2988 neque
313 2915 370 2971 id
410 2914 622 2972 frustra
661 2917 924 2976 fecissent
957 2922 1122 2993 idque
1155 2920 1437 2976 Hannibal
1474 2924 1837 2994 comperisset

92 3009 263 3064 seque
305 2992 376 3047 ab
418 2992 780 3050 interioribus
814 2998 1063 3053 consiliis
1098 3000 1382 3070 segregari
1420 2999 1663 3067 vidisset,
1703 3004 1835 3051 tem·
1871 3015 1893 3051 3
