2164 3358
642 142 741 188 ΧΠ.
780 141 1105 189 CHABRIAS.
1158 149 1291 190 2—4.
1775 154 1848 205 45

93 268 313 340 stravit,
354 286 481 323 cum
523 268 631 323 dux
666 268 1099 324 Atheniensium
1143 274 1317 339 esset3
1358 272 1416 325 in
1451 271 1712 345 Aegypto
1750 295 1848 330 sua

92 348 293 418 sponte
358 345 561 419 gessit:
623 365 755 400 nam
820 345 1170 400 Nectenebin
1240 347 1494 403 adiutum
1558 351 1846 421 profectus

3 447 5 449 ¹
90 439 328 496 regnum
369 422 418 477 ei
462 423 778 477 constituit.
858 421 993 477 fecit
1042 423 1189 477 idem
1233 421 1428 496 Cypri,
1479 426 1574 481 sed
1624 428 1845 498 publice
1882 444 1907 484 2

90 499 162 555 ab
187 498 631 554 Atheniensibus
664 498 961 572 Euagorae
997 499 1220 554 adiutor
1254 500 1435 568 datus,
1475 522 1656 575 neque
1690 506 1844 577 prius

88 575 216 632 inde
258 576 545 647 discessit,
587 594 755 647 quam
799 579 982 630 totam
1025 576 1268 632 insulam
1313 578 1459 634 bello
1503 581 1844 637 devinceret:

90 672 201 726 qua
241 673 308 709 ex
349 672 409 708 re
449 652 824 707 Athenienses
868 671 1133 726 magnam
1183 655 1423 727 gloriam
1468 663 1599 713 sunt
1641 659 1843 731 adepti.

87 730 317 786 interim
363 729 574 784 bellum
623 729 773 784 inter
812 729 1132 803 Aegyptios
1183 736 1240 785 et
1281 731 1481 789 Persas
1538 737 1843 792 conflatum
1879 752 1903 792 3

88 810 191 863 est.
245 806 620 863 Athenienses
656 825 782 862 cum
816 806 1127 863 Artaxerxe
1171 809 1499 866 societatem
1542 812 1844 886 habebant,

87 882 515 941 Lacedaemonii
556 902 682 939 cum
723 883 1050 957 Aegyptii5‚
1093 905 1125 939 a
1167 886 1370 958 quibus
1414 907 1648 962 magnas
1690 911 1843 962 prae-

86 961 185 1017 das
225 959 543 1034 AgesilauS,
584 980 679 1015 rex
722 980 943 1032 eorum,
985 962 1244 1018 faciebat.
1326 965 1381 1019 id
1432 966 1657 1022 intuens
1701 966 1842 1023 Cha-

83 1038 261 1110 briae,
310 1057 437 1094 cum
477 1038 536 1092 in
578 1057 636 1092 re
677 1038 834 1092 nulla
874 1039 1144 1111 Agesilao
1189 1041 1432 1113 cederet,
1488 1063 1589 1098 sua
1640 1050 1840 1117 sponte

83 1133 179 1171 eos
221 1115 475 1170 adiutum
517 1114 805 1187 profectus
847 1116 1164 1188 Aegyptiae
1209 1119 1374 1173 classi
1427 1120 1697 1193 praefuit,
1750 1142 1840 1194 pe-

82 1192 365 1249 destribus
407 1192 583 1264 copiis
625 1192 942 1265 Agesilaus.

235 1269 379 1325 Tum
412 1269 683 1341 praefecti
710 1270 858 1343 regis
886 1269 1090 1324 Persae
1117 1272 1336 1344 legatos
1366 1275 1640 1330 miserunt
1666 1276 1838 1332 Athe·
1872 1277 1905 1332 3

81 1354 183 1402 nas
225 1350 503 1419 questum,
545 1346 692 1418 quod
734 1345 1008 1402 Chabrias
1051 1348 1345 1404 adversum
1392 1370 1582 1424 regem
1626 1354 1835 1408 bellum

82 1428 305 1498 gereret
337 1443 464 1479 cum
498 1423 813 1496 Aegyptiis.
862 1424 1238 1480 Athenienses
1273 1426 1420 1482 diem
1456 1434 1668 1484 certam
1696 1429 1836 1485 Cha-

80 1501 236 1557 briae
275 1501 738 1573 praestituerunt,
781 1520 948 1572 quam
991 1506 1120 1556 ante
1163 1502 1389 1558 domum
1432 1506 1540 1560 nisi
1583 1508 1836 1579 redisset,

81 1577 283 1650 capitis
334 1597 393 1633 se
442 1578 604 1632 illum
657 1578 1022 1633 damnaturos
1078 1579 1495 1636 denuntiarunt.
1577 1584 1682 1639 hoc
1739 1585 1834 1640 ille

77 1655 278 1712 nuntio
320 1655 575 1710 Athenas
616 1656 798 1726 rediit,
838 1674 1019 1728 neque
1060 1656 1139 1710 ibi
1183 1657 1392 1713 diutius
1436 1664 1522 1714 est
1564 1666 1834 1734 moratus,

79 1750 248 1805 quam
287 1731 400 1788 fuit
439 1751 681 1788 necesse.
750 1752 864 1788 non
906 1733 1054 1788 enim
1097 1734 1338 1790 libenter
1380 1741 1500 1790 erat
1543 1743 1672 1792 ante
1708 1758 1832 1794 ocu·
1868 1753 1892 1793 2

77 1808 164 1865 los
205 1828 436 1866 suorum
477 1810 698 1882 civium,
741 1810 887 1881 quod
930 1815 987 1865 et
1028 1810 1254 1866 vivebat
1296 1813 1448 1868 laute
1492 1818 1548 1868 et
1582 1816 1830 1889 indulge-

78 1886 179 1942 bat
234 1887 343 1943 sibi
399 1887 713 1958 liberaliuS,
772 1906 939 1958 quam
989 1891 1052 1942 ut
1104 1889 1372 1944 invidiam
1423 1891 1578 1964 vulgi
1636 1898 1830 1964 posset

77 1962 336 2038 effugere.
392 1968 480 2019 est
505 1964 653 2019 enim
679 1964 785 2019 hoc
813 1983 1107 2019 commune
1135 1966 1335 2021 vitium
1364 1970 1583 2041 magnis
1612 1970 1826 2024 liberis·
1862 1987 1886 2023 s

76 2059 184 2114 que
218 2041 561 2113 civitatibus,
592 2047 658 2096 ut
690 2042 898 2096 invidia
933 2042 1148 2116 gloriae
1176 2062 1361 2099 comes
1388 2046 1465 2100 sit
1498 2050 1555 2100 et
1589 2047 1827 2101 libenter

74 2117 142 2174 de
182 2117 254 2174 iis
296 2118 620 2190 detrahant,
671 2138 810 2190 quos
853 2121 1097 2174 eminere
1140 2121 1365 2176 videant
1407 2123 1598 2194 altius,
1649 2143 1824 2194 neque

75 2194 262 2251 animo
296 2215 474 2268 aequo
515 2215 787 2268 pauperes
822 2197 1061 2252 alienam
1097 2198 1444 2269 opulentiam
1485 2201 1824 2255 intueantur.

73 2270 265 2345 itaque
306 2271 606 2345 Chabrias,
655 2274 837 2345 quoad
881 2276 929 2328 ei
980 2274 1209 2345 licebat,
1258 2277 1562 2347 plurimum
1613 2278 1822 2331 aberat.

74 2365 252 2421 neque
303 2369 436 2406 vero
495 2351 648 2406 solus
706 2351 801 2405 ille
860 2352 1057 2406 aberat
1106 2353 1344 2408 Athenis
1405 2354 1668 2424 libenter,
1727 2354 1821 2409 sed
1856 2370 1880 2407 4

75 2441 268 2482 omnes
305 2425 423 2483 fere
462 2428 745 2500 principes
787 2427 1042 2484 fecerunt
1083 2430 1252 2500 idem,
1308 2430 1452 2501 quod
1497 2435 1715 2485 tantum
1762 2451 1820 2486 se

75 2501 145 2556 ab
193 2501 402 2559 invidia
447 2505 728 2577 putabant
777 2505 1056 2577 afuturos,
1112 2511 1382 2578 quantum
1434 2526 1464 2559 a
1516 2513 1819 2579 conspectu

74 2596 303 2634 suorum
357 2583 705 2637 recesserint.
784 2583 976 2655 itaque
1030 2582 1224 2640 Conon
1283 2584 1585 2654 plurimum
1646 2583 1816 2656 Cypri

72 2655 228 2727 vixit,
267 2653 579 2728 Iphicrates
621 2659 680 2712 in
704 2657 991 2729 Thraecia,
1025 2658 1354 2712 Timotheus
1382 2658 1564 2730 Lesbi,
1607 2660 1815 2717 Chares

72 2729 251 2806 Sigei,
307 2732 596 2792 dissimilis
646 2735 870 2807 quidem
919 2735 1127 2792 Chares
1187 2736 1386 2790 horum
1437 2741 1493 2791 et
1542 2738 1708 2793 factis
1760 2743 1816 2792 et

0 2830 5 2846 =
69 2810 345 2880 moribus,
393 2809 489 2865 sed
536 2814 725 2868 tamen
766 2812 1006 2868 Athenis
1049 2818 1106 2867 et
1147 2813 1454 2868 honoratus
1499 2820 1555 2868 et
1597 2820 1813 2886 potens.

0 2857 14 2919 3
223 2884 498 2943 Chabrias
552 2892 740 2943 autem
795 2891 964 2961 periit
1022 2890 1169 2944 bello
1226 2890 1418 2945 sociali
1480 2891 1580 2945 tali
1632 2892 1810 2945 modo
1846 2894 1878 2943 4

67 2963 475 3039 oppugnabant
507 2962 880 3020 Athenienses
915 2966 1133 3022 Chium.
1201 2971 1321 3021 erat
1362 2968 1418 3021 in
1462 2968 1638 3022 classe
1674 2966 1812 3021 Cha-

66 3037 219 3097 brias
266 3041 548 3114 privatus,
600 3041 696 3096 sed
738 3060 953 3115 omneS,
1008 3044 1101 3115 qui
1152 3044 1208 3098 in
1259 3046 1594 3117 magistratu
1639 3048 1811 3113 erant,
