2164 3358
583 126 752 172 xvm.
788 126 1099 173 EUMENES.
1150 131 1218 172 12.
1258 133 1324 173 13.
1763 129 1831 182 79

90 254 277 308 castra
323 256 702 323 moverentur,
751 252 1022 308 insciente
1072 252 1360 324 Antigono
1411 252 1695 324 iugulatus
1748 259 1834 307 est

0 312 11 385 s
90 346 124 383 a
163 327 504 384 custodibus.

245 402 338 460 Sic
386 403 666 460 Eumenes
716 423 988 459 annorum
1038 405 1281 476 quinque
1332 409 1389 459 et
1446 406 1832 477 quadraginta,
1859 407 1922 460 13

0 495 5 547 ζ
90 499 217 537 cum
258 481 328 536 ab
370 500 515 536 anno
556 481 838 551 vicesimO,
878 481 962 535 uti
1004 498 1172 552 supra
1214 481 1575 548 ostendim11S‚
1618 486 1832 553 septem

90 576 265 613 annos
291 557 555 630 Philippo
581 557 950 629 apparuisset,
983 557 1250 612 tredecim
1282 559 1426 629 apud
1453 559 1833 612 Alexandrum

90 634 325 690 eundem
364 634 551 690 locum
593 633 947 703 obtinuisset,
989 633 1047 688 in
1089 634 1168 688 eis
1211 654 1383 688 unum
1426 636 1677 705 equitum
1712 635 1832 689 alae

88 710 442 784 praefuisset,
480 713 613 782 post
653 712 841 764 autem
873 710 1175 765 Alexandri
1219 709 1412 783 Magni
1455 716 1693 766 mortem
1736 712 1834 765 im-

88 792 318 860 perator
371 786 646 843 exercitus
702 786 953 841 dun'sset
1002 805 1360 858 summosque
1411 788 1575 842 duces
1625 788 1832 859 partim

88 863 450 1012 &⁰3⁸2ss
480 862 1137 1026 ἕαᾜὲἳοέηἷὲἦξὲἰῗίἒο
1171 869 1366 995 ῖῖῗέἕ
1391 864 1831 996 ἒὲἒηῑῗὲἓῗὲἰῗ

87 1017 252 1073 vitae.
330 1016 390 1071 in
438 1034 549 1088 quo
599 1020 811 1088 quanta
861 1017 1109 1071 omnium
1162 1015 1333 1072 fuerit
1383 1018 1572 1089 opinio
1623 1037 1831 1088 eorum,
1866 1032 1890 1071 2

89 1094 184 1166 qui
230 1096 365 1166 post
403 1092 785 1148 Alexandrum
834 1092 1103 1166 Magnum
1157 1112 1316 1166 reges
1367 1098 1498 1148 sunt
1546 1094 1832 1166 appellati,

87 1189 155 1226 ex
193 1169 301 1226 hoc
342 1169 607 1225 facillime
649 1173 840 1241 potest
881 1170 1137 1241 iudicari,
1187 1171 1356 1241 quod,
1403 1186 1627 1241 quorum
1667 1189 1829 1224 nemo

86 1245 338 1302 Eumene
370 1246 498 1301 vivo
531 1265 628 1302 rex
661 1247 976 1318 appellatus
1011 1251 1112 1317 est,
1155 1247 1249 1301 sed
1284 1248 1616 1318 praefectus,
1653 1248 1830 1302 eidem
1865 1262 1891 1300 3

86 1327 220 1397 post
265 1323 432 1379 huius
482 1341 742 1378 occasum
793 1324 988 1377 statim
1037 1324 1254 1397 regium
1296 1329 1557 1378 ornatum
1609 1343 1832 1378 nomen·

89 1419 196 1473 que
247 1403 608 1472 sumpsenmt
654 1418 857 1471 neque,
906 1400 1052 1476 quod
1105 1401 1269 1455 initio
1312 1401 1724 1472 praedicarant,
1774 1419 1831 1454 se

88 1477 393 1533 Alexandri
433 1476 625 1531 liberis
668 1493 902 1549 regnum
940 1495 1176 1548 servare,
1217 1481 1503 1548 praestare
1538 1478 1834 1531 voluerunt

88 1557 147 1610 et
190 1553 285 1610 hoc
329 1571 440 1608 uno
487 1557 904 1625 propugnatore
955 1554 1176 1608 sublato
1221 1553 1352 1625 quid
1394 1555 1671 1609 sentirent
1711 1573 1834 1625 ape·

87 1633 335 1686 ruerunt.
412 1629 581 1684 huius
623 1630 848 1685 sceleris
898 1630 1178 1702 principes
1230 1630 1455 1685 fuerunt
1495 1631 1833 1704 AntigonuS,
1876 1644 1887 1665 ³

87 1706 462 1777 Ptolemaeus,
504 1703 785 1778 Seleucus,
826 1705 1210 1779 Lysimachu8‚
1253 1706 1611 1763 Cassandrus,
1673 1708 1833 1762 Anti-
1865 1724 1891 1761 i

89 1802 266 1859 gonus
308 1751 498 1839 autein
538 1782 848 1839 Eumenem
890 1788 1174 1838 mortuum
1222 1785 1549 1855 propinquis
1592 1785 1710 1839 eius
1753 1803 1833 1839 se-

88 1860 405 1933 peliendum
446 1860 694 1915 tradidit.
758 1860 799 1914 ii
841 1861 1073 1915 militari
1116 1861 1464 1931 honestoque
1500 1860 1707 1931 funere,
1749 1880 1834 1916 co-

0 1994 1 2011 ,
90 1938 329 1993 mitante
385 1940 510 1992 toto
564 1937 834 2008 exercitu,
891 1937 1264 1992 humaverunt
1321 1956 1557 2009 ossaque
1607 1938 1724 1993 eius
1775 1938 1832 1991 in

0 2038 1 2057 ¹
90 2012 502 2087 Cappadociam
526 2014 594 2068 ad
629 2018 867 2069 matrem
901 2018 1068 2085 atque
1101 2033 1330 2069 uxorem
1364 2015 1681 2086 liberosque
1716 2015 1831 2069 eius

90 2090 435 2164 deportanda
474 2094 755 2146 curarunt.

655 2353 818 2415 XIX.
876 2354 1250 2417 PHOCION.

246 2470 495 2530 Phocion
533 2473 896 2530 Atheniensis
938 2475 1044 2529 etsi
1087 2494 1250 2545 saepe
1293 2473 1626 2528 exercitibus
1678 2490 1828 2557 prae·
1873 2476 1892 2525 l

94 2549 203 2604 fuit
241 2567 597 2638 summosque
638 2551 1007 2638 magistratus
1049 2553 1219 2622 cepit,
1262 2555 1448 2604 tamen
1494 2549 1669 2602 multo
1713 2549 1829 2603 eius

92 2626 281 2681 notior
328 2630 417 2682 est
461 2627 756 2702 integritas
807 2629 955 2683 vitae
1005 2647 1171 2699 quam
1223 2629 1298 2681 rei
1354 2627 1612 2679 militaris
1657 2625 1830 2679 labor.

91 2703 282 2774 itaque
321 2701 487 2758 huius
528 2705 798 2759 memoria
838 2709 925 2760 est
965 2705 1142 2774 nulla,
1196 2705 1345 2756 illius
1397 2707 1583 2757 autem
1627 2720 1829 2773 magna

16 2796 23 2851 ἱ,
90 2778 265 2850 fama,
313 2797 379 2834 ex
427 2796 537 2850 quo
579 2782 908 2854 cognomine
950 2780 1140 2835 Bonus
1183 2785 1268 2834 est
1310 2780 1640 2850 appellatus
1723 2778 1889 2831 fuit-2

30 2895 34 2907 ·
91 2856 242 2913 enim
289 2858 559 2928 perpetuo
606 2875 716 2928 pau
758 2876 840 2927 er,
890 2876 1014 2913 cum
1065 2857 1432 2911 divitissimus
1475 2874 1596 2910 esse
1639 2859 1829 2925 posset

19 2943 27 3007 ζ
90 2936 324 3006 propter
355 2931 676 3003 frequentes
746 2934 924 2989 elatos
958 2935 1197 2988 honores
1232 2936 1651 3005 potestatesque
1687 2949 1829 2983 sum-

90 3026 237 3083 mas,
293 3027 433 3081 quae
480 3008 531 3064 ei
581 3026 614 3063 a
661 3010 869 3081 populo
918 3011 1208 3065 dabantur.
1296 3009 1385 3064 hic
1444 3028 1565 3063 cum
1619 3027 1646 3060 a
1699 3023 1827 3076 rege
1862 3017 1886 3057 3
