2019 3310
170 125 240 179 28
356 137 359 139 ’
693 123 794 169 VII.
830 121 1214 169 ALCIBIADES.
1265 127 1304 168 7.
1339 128 1378 169 8.

168 249 393 320 publica
433 248 581 302 domi
620 247 860 317 bellique
902 246 1122 316 tradita,
1161 249 1225 300 ut
1263 246 1425 300 unius
1466 246 1697 300 arbitrio
1737 263 1888 318 gere-

169 329 344 394 retur,
385 327 441 378 et
479 324 597 394 ipse
637 322 977 392 postulasset
1016 325 1079 375 ut
1119 321 1225 375 duo
1268 321 1376 375 sibi
1415 323 1660 394 collegae
1699 322 1888 376 daren-

170 404 285 470 tur,
339 398 718 468 Thrasybulus
777 401 833 450 et
879 396 1235 467 AdimantuS,
1288 415 1465 466 neque
1520 397 1576 450 id
1621 401 1887 470 negatum

171 479 338 546 esset,
389 475 561 529 classe
610 474 669 526 in
707 472 902 526 Asiam
947 472 1252 544 profectuS,
1300 472 1447 542 quod
1494 473 1637 542 apud
1677 472 1883 543 Cymen

169 552 350 605 minus
393 569 458 603 ex
499 548 773 603 sententia
812 567 928 602 rem
968 552 1231 620 gesserat,
1269 548 1329 601 in
1366 547 1631 602 invidiam
1668 548 1887 603 recidit:

108 638 136 679 2
168 627 307 680 nihil
349 626 494 678 enim
535 643 660 678 eum
697 643 810 678 non
851 623 1066 678 efficere
1105 642 1268 694 posse
1309 623 1599 677 ducebant.
1672 642 1738 677 ex
1778 642 1887 694 quo

168 702 339 754 fiebat
386 704 450 754 ut
498 700 683 754 omnia
731 700 912 753 minus
953 718 1214 769 prospere
1255 703 1414 771 gesta
1454 699 1646 769 culpae
1686 699 1889 752 tribue-

169 780 316 847 rent,
369 795 493 830 cum
541 779 636 829 aut
677 794 801 828 eum
840 775 1199 846 neglegenter
1240 778 1336 828 aut
1375 774 1652 828 malitiose
1691 774 1889 828 fecisse

168 853 542 922 loquerentur,
583 851 728 905 sicut
763 854 884 904 tum
918 851 1139 904 accidit:
1179 870 1308 904 nam
1342 854 1663 921 corruptum
1697 869 1729 904 a
1759 867 1891 921 rege

110 942 136 982 3
171 946 364 998 capere
391 927 601 998 Cymen
623 927 866 980 noluisse
893 927 1213 1011 arguebant.
1280 927 1467 996 itaque
1498 926 1628 980 huic
1653 925 1892 979 maxime

170 1007 430 1074 putamus
473 1003 618 1056 malo
660 1001 831 1055 fuisse
871 1002 1101 1055 nimiam
1135 1002 1450 1086 opinionem
1481 1002 1690 1074 ingenii
1725 1005 1890 1071 atque

170 1080 419 1133 virtutis.
461 1078 763 1132 timebatur
804 1077 949 1130 enim
981 1096 1093 1131 non
1125 1077 1307 1131 minus
1341 1096 1507 1147 quam
1540 1077 1894 1149 diligebatur,

169 1173 238 1208 ne
280 1155 517 1208 secunda
557 1152 784 1206 fortuna
824 1153 1150 1224 magnisque
1191 1152 1389 1222 opibus
1431 1153 1609 1207 elatus
1649 1154 1892 1224 tyranni-

172 1230 296 1284 dem
345 1229 770 1300 concupisceret.
851 1228 1051 1298 quibus
1099 1228 1264 1282 rebus
1315 1228 1526 1282 factum
1573 1232 1659 1282 est
1696 1232 1762 1282 ut
1802 1229 1893 1282 ab·

173 1306 317 1360 senti
358 1306 752 1377 magistratum
794 1305 1129 1376 abrogarent
1168 1307 1226 1358 et
1265 1304 1435 1358 alium
1467 1304 1527 1358 in
1559 1304 1676 1358 eius
1707 1304 1894 1358 locum

112 1395 140 1434 4
174 1381 591 1435 substituerent.
643 1381 700 1433 id
732 1379 825 1432 ille
858 1383 922 1432 ut
957 1380 1181 1449 audivit,
1221 1380 1446 1434 domum
1478 1380 1682 1434 reverti
1713 1380 1896 1434 noluit

174 1460 230 1510 et
263 1475 319 1510 se
352 1456 599 1526 Pactyen
631 1455 869 1510 contulit
909 1455 1096 1525 ibique
1136 1456 1246 1509 tria
1287 1456 1516 1510 castella
1551 1456 1898 1526 communiit,

175 1532 378 1602 OrnOS,
418 1532 749 1601 Bizanthen,
788 1529 1161 1601 NeontichOS,
1201 1549 1475 1601 manuque
1517 1532 1750 1585 collecta
1787 1532 1895 1602 pri-

173 1627 296 1662 mus
348 1606 588 1661 Graecae
639 1606 881 1661 civitatis
930 1606 988 1659 in
1034 1606 1358 1660 Thraeciam
1405 1607 1646 1675 introiit,
1694 1607 1896 1679 glorio-

175 1684 288 1738 sius
338 1683 659 1737 existimans
707 1682 1070 1735 barbarorum
1121 1682 1324 1752 praeda
1361 1682 1689 1752 locupletari
1730 1701 1896 1753 quam

115 1772 141 1812 5
177 1758 487 1813 Graiorum.
551 1777 660 1828 qua
692 1777 758 1811 ex
790 1776 847 1810 re
883 1761 1129 1811 creverat
1169 1777 1293 1812 cum
1332 1757 1482 1811 fama
1520 1761 1642 1812 tum
1682 1759 1898 1829 opibuS,

176 1853 544 1906 magnamque
592 1833 897 1887 amicitiam
945 1833 1052 1886 sibi
1105 1851 1229 1887 cum
1286 1833 1616 1903 quibusdam
1670 1834 1897 1906 regibus

175 1910 473 1964 Thraeciae
513 1913 817 1980 pepererat.

117 1986 149 2040 8
328 1985 521 2055 Neque
571 1989 757 2038 tamen
798 2005 830 2038 a
870 1985 1100 2038 caritate
1148 1985 1361 2055 patriae
1408 1985 1594 2055 potuit
1633 1985 1898 2039 recedere

175 2080 305 2115 nam
340 2080 464 2115 cum
498 2061 640 2130 apud
673 2060 860 2132 Aegos
901 2061 1106 2114 fiumen
1139 2060 1432 2130 Philocles,
1471 2064 1696 2130 praetor
1728 2060 1898 2114 Athe-

175 2138 467 2206 niensium,
509 2137 741 2189 classem
783 2136 1166 2190 constituisset
1206 2155 1362 2190 suam
1400 2155 1577 2206 neque
1609 2137 1774 2208 longe
1808 2137 1899 2190 ab·

177 2217 325 2266 esset
366 2211 669 2282 Lysander,
710 2216 931 2281 praetor
972 2211 1560 2282 Lacedaemoniorum,
1600 2212 1694 2281 qui
1734 2212 1792 2264 in
1832 2230 1897 2266 eo

179 2292 298 2341 erat
349 2291 648 2373 occupatus
701 2290 764 2340 ut
820 2288 1026 2340 bellum
1080 2306 1244 2357 quam
1296 2287 1604 2341 diutissime
1660 2287 1901 2358 duceret,

180 2364 324 2433 quod
358 2364 494 2433 ipsis
528 2363 759 2433 pecunia
785 2381 816 2415 a
844 2380 972 2433 rege
1007 2364 1479 2432 suppeditabatur,
1512 2365 1706 2416 contra
1730 2362 1899 2417 Athe-

178 2439 461 2492 niensibus
511 2438 792 2492 exhaustis
840 2442 1059 2507 praeter
1107 2457 1260 2491 arma
1299 2442 1355 2491 et
1393 2456 1560 2491 naves
1599 2438 1738 2492 nihil
1780 2442 1900 2492 erat

118 2526 147 2567 2
181 2532 366 2583 super,
422 2514 738 2568 Alcibiades
796 2514 861 2566 ad
920 2514 1218 2567 exercitum
1275 2514 1427 2566 venit
1474 2512 1899 2568 Atheniensium

180 2590 365 2658 ibique
423 2593 710 2659 praesente
767 2589 933 2661 vulgo
988 2607 1146 2660 agere
1199 2589 1403 2658 coepit:
1461 2590 1507 2642 si
1558 2589 1785 2660 vellent,
1841 2608 1900 2644 se

182 2669 500 2718 coacturum
527 2665 874 2735 Lysandrum
901 2664 1158 2718 dimicare
1186 2668 1282 2718 aut
1315 2683 1506 2734 pacem
1539 2669 1725 2735 petere
1754 2667 1899 2735 [spo-

180 2740 424 2810 pondit]3
457 2739 922 2795 Lacedaemonios
949 2758 1012 2793 eo
1037 2740 1184 2793 nolle
1211 2740 1384 2793 classe
1411 2741 1720 2812 confligere,
1753 2740 1900 2810 quod

119 2828 145 2868 3
179 2815 527 2885 pedestribus
579 2817 751 2886 copiis
799 2816 924 2886 plus
975 2834 1139 2885 quam
1188 2816 1421 2869 navibus
1469 2817 1738 2886 valerent3
1794 2816 1901 2870 sibi

183 2894 368 2944 autem
403 2909 519 2943 esse
554 2891 713 2944 facile
750 2890 1030 2960 Seuthem,
1064 2909 1249 2961 regem
1282 2891 1604 2962 Thraecum,
1636 2891 1901 2945 adducere

180 2970 245 3019 ut
270 2985 395 3020 eum
422 2969 569 3019 terra
602 2967 921 3037 depelleret:
964 2985 1071 3036 quo
1097 2966 1245 3020 facto
1270 2968 1579 3022 necessario
1607 2970 1702 3021 aut
1728 2967 1902 3021 classe
