2164 3358
632 154 753 201 XIX.
792 154 1080 201 PHOCION.
1133 159 1173 199 3.
1207 160 1249 199 4.
1743 156 1808 210 81

77 284 312 352 utraque
368 278 734 335 Macedonum
799 277 1126 351 patrociniis
1183 278 1471 332 utebatur:
1537 297 1665 332 nam
1725 298 1817 349 po·

75 356 298 430 pulares
347 355 782 428 Polyperchonti
831 354 1117 422 favebant,
1167 354 1468 424 optimates
1519 373 1643 408 cum
1687 353 1816 409 Cas·

77 431 280 490 sundro
329 433 660 488 sentiebant.
739 430 964 485 interim
1015 442 1046 483 a
1096 397 1540 500 Polyperchonte
1583 429 1815 485 Cassan·
1849 447 1875 487 2

76 508 210 565 drus
235 507 562 565 Macedonia
586 508 778 580 pulsus
804 510 905 561 est.
963 523 1072 575 quo
1108 506 1258 560 facto
1294 507 1532 577 populus
1559 508 1816 578 superior

76 584 262 642 factus
302 586 498 641 statim
537 584 702 639 duces
743 581 1091 637 adversariae
1135 582 1394 636 factionis
1433 583 1634 653 capitis
1667 583 1817 637 dam-

77 667 243 718 natos
275 661 460 734 patria
496 659 764 732 propulit,
805 658 862 712 in
895 657 975 713 eis
1012 657 1350 712 Phocionem
1385 664 1441 712 et
1467 658 1816 714 Demetrium

80 737 435 826 Phalereum,
484 735 660 807 deque
709 753 775 789 ea
823 753 879 789 re
930 734 1148 807 legatos
1198 734 1265 787 ad
1310 734 1817 806 Polyperchontem

79 891 189 948 1200
83 812 1177 960 m‘zolssm‘ssrssi'ecffiessiitpuffossssss
1187 811 1818 958 ἀῗζὲἶὲἳὲἓῖἔῗῖἒῗῖ
1851 905 1877 945 a

80 985 201 1024 sam
247 964 393 1038 apud
441 963 765 1036 Philippum
815 981 1002 1036 regem
1054 963 1248 1033 verbo,
1305 982 1362 1018 re
1419 964 1541 1035 ipsa
1596 964 1818 1051 quidem

79 1040 226 1115 apud
274 1040 780 1128 Polyperchontem
837 1040 1020 1094 iussus
1071 1044 1158 1093 est
1209 1040 1414 1094 dicere:
1480 1059 1718 1111 namque
1770 1042 1817 1093 is

78 1122 202 1175 tum
241 1117 391 1193 regis
431 1118 598 1172 rebus
639 1120 908 1188 praeerat
987 1115 1078 1171 hic
1120 1116 1189 1169 ab
1233 1117 1467 1189 Agnone
1510 1122 1818 1188 accusatus,
1853 1133 1881 1173 4

79 1194 226 1268 quod
276 1192 534 1249 Piraeum
585 1191 850 1248 Nicanori
902 1192 1263 1263 prodidisset,
1313 1211 1378 1246 ex
1429 1194 1647 1247 consilii
1702 1212 1820 1248 sen·

79 1271 261 1327 tentia
308 1271 367 1326 in
414 1269 724 1326 custodiam
767 1269 1049 1324 coniectus
1093 1269 1343 1323 Athenas
1397 1269 1666 1324 deductus
1718 1275 1820 1341 est,

81 1351 147 1403 ut
185 1346 266 1402 ibi
305 1346 372 1402 de
413 1364 479 1402 eo
520 1345 738 1419 legibus
781 1345 941 1399 fieret
984 1344 1262 1399 iudicium.

232 1421 359 1479 Huc
398 1426 464 1478 ut
501 1426 829 1495 perventum
873 1425 974 1490 est,
1016 1440 1140 1475 cum
1184 1425 1413 1492 propter
1454 1425 1696 1476 aetatem
1732 1442 1820 1493 pe·
1852 1425 1890 1487 4

80 1499 244 1557 dibus
283 1498 395 1554 iam
433 1517 545 1553 non
588 1499 799 1553 valeret
839 1497 1202 1568 vehiculoque
1245 1502 1589 1568 portaretur,
1633 1500 1818 1571 magni

81 1593 382 1632 concursus
422 1579 554 1630 sunt
602 1574 760 1644 facti,
809 1592 934 1628 cum
983 1574 1102 1643 alii,
1151 1574 1571 1629 reminiscentes
1615 1576 1819 1629 veteris

81 1651 280 1723 famae,
319 1651 523 1706 aetatis
565 1650 988 1720 misererentur,
1030 1651 1256 1721 plurimi
1300 1670 1429 1705 vero
1473 1652 1556 1704 ira
1598 1670 1821 1705 exacue-

81 1732 276 1785 rentur
313 1731 545 1800 propter
584 1727 918 1799 proditionis
960 1727 1334 1797 suspicionem
1379 1727 1606 1795 [Piraei]
1653 1729 1821 1781 maxi-

83 1822 278 1877 meque
338 1804 486 1876 quod
534 1803 796 1858 adversus
845 1804 1035 1874 populi
1087 1803 1376 1857 commoda
1434 1804 1488 1857 in
1533 1809 1820 1858 senectute

83 1883 335 1936 steterat.
415 1898 584 1952 quare
632 1898 699 1934 ne
747 1880 1039 1951 perorandi
1090 1880 1310 1950 quidem
1355 1880 1403 1934 ei
1446 1880 1577 1933 data
1619 1885 1705 1933 est
1746 1881 1820 1933 fa·
1853 1896 1880 1936 Β

85 1955 266 2013 cultas
304 1955 510 2012 dicenti
554 1975 777 2012 causam
821 1957 877 2009 in
911 1955 1138 2009 iudicio:
1181 1956 1451 2028 legitimis
1487 1957 1818 2026 quibusdam

85 2032 356 2089 confectis
394 2032 688 2088 damnatus
732 2032 971 2086 traditus
1015 2037 1100 2086 est
1148 2032 1563 2101 undecimviris,
1618 2034 1819 2101 quibus

84 2108 154 2165 ad
210 2108 544 2181 supplicium
603 2128 755 2164 more
809 2108 1235 2162 Atheniensium
1293 2109 1511 2180 publice
1571 2109 1817 2162 damnati

83 2185 231 2242 tradi
271 2185 469 2240 solent.
547 2184 639 2240 hic
680 2204 803 2240 cum
853 2184 918 2238 ad
971 2189 1207 2238 mortem
1257 2185 1572 2243 duceretur
1623 2186 1819 2238 obvius
1853 2201 1880 2240 3

85 2260 138 2317 si
182 2260 293 2318 fuit
338 2260 697 2332 Euphiletus,
754 2280 863 2332 quo
913 2260 1265 2315 familiariter
1313 2261 1495 2315 fuerat
1546 2280 1691 2313 usuS.
1773 2261 1819 2313 is

87 2353 214 2393 cum
258 2337 557 2394 lacrimans
606 2337 899 2392 dixisset
906 2356 938 2392 o
988 2356 1153 2409 quam
1212 2338 1439 2409 indigna
1498 2337 1821 2407 perpeteri8‚

89 2410 378 2470 Phocion?
435 2414 564 2470 huic
612 2414 705 2468 ille
747 2413 827 2468 ‘at
866 2432 976 2468 non
1027 2414 1334 2500 'inopinata'
1379 2413 1586 2483 inquit:
1653 2412 1820 2467 ‘hunc

88 2488 237 2544 euim
265 2490 474 2546 exitum
507 2491 756 2562 plerique
782 2491 915 2545 clari
943 2490 1046 2544 viri
1073 2490 1387 2544 habuerunt
1415 2488 1819 2542 Athenienses?

89 2564 147 2619 in
177 2563 285 2620 hoo
314 2569 534 2622 tautum
568 2566 676 2621 fuit
710 2567 895 2621 odium
932 2567 1322 2634 multitudinis,
1364 2572 1424 2618 ut
1464 2583 1624 2618 nemo
1654 2584 1818 2618 ausus
1855 2582 1880 2620 Δ

90 2641 165 2695 sit
212 2658 338 2697 eum
383 2640 526 2699 liber
577 2643 826 2714 sepelire.
906 2643 1093 2714 itaque
1138 2663 1168 2696 a
1212 2642 1383 2695 servis
1427 2641 1678 2711 sepultus
1721 2647 1818 2695 est.

774 2857 1129 2864 ..-ι-,ῥοι-

0 2750 20 3069 ἰ
