2164 3358
631 136 801 184 XVIII.
836 136 1147 183 EUMENES.
1201 143 1239 182 1.
1274 142 1314 182 2.
1779 139 1846 192 71

114 261 400 333 florerent,
449 262 688 317 multum
730 263 779 317 ei
822 262 1065 317 detraxit
1106 261 1252 317 inter
1293 280 1387 317 eos
1430 262 1662 332 viventi,
1704 263 1851 332 quod

0 374 2 378 ν
115 338 328 395 alienae
376 342 497 394 erat
546 339 815 409 civitatiS,
870 357 1047 423 neque
1097 338 1246 392 aliud
1294 338 1424 393 huic
1465 337 1642 392 defuit
1684 357 1851 409 quam

0 421 5 489 fv
115 432 388 489 generosa
435 415 621 487 stirps.
701 382 815 470 etsi
849 415 996 469 enim
1038 414 1346 470 domestico
1390 433 1607 469 summo
1650 433 1850 487 genere
1885 432 1913 472 3

3 537 11 544 .
114 495 259 563 erat,
306 494 493 547 tamen
535 490 863 546 Macedones
913 510 1039 545 eum
1089 491 1196 545 sibi
1247 491 1546 562 aliquando
1589 492 1852 577 anteponi

114 567 341 642 indigne
382 568 659 638 ferebant,
698 585 876 637 neque
918 571 1105 621 tamen
1146 586 1258 622 non
1299 569 1683 639 patiebantur:
1740 568 1854 622 vin·

116 644 281 701 cebat
304 645 453 701 enim
478 662 670 700 omnes
696 661 844 729 cura,
878 643 1187 716 vigilantia,
1220 645 1511 716 patientia,
1546 644 1853 699 calliditate

116 725 175 778 et
213 721 500 779 celeritate
540 719 766 794 ingenii.

268 796 378 854 Hic
415 796 964 870 peradulescentulus
1006 797 1073 851 ad
1116 797 1424 852 amicitiam
1458 798 1694 852 accessit
1728 797 1854 852 Phi·
1886 813 1916 853 4

116 874 273 948 lippi,
310 874 591 946 Amyntae
626 873 743 944 filii,
785 873 1048 944 brevique
1084 878 1336 945 tempore
1369 875 1428 928 in
1453 874 1711 928 intimam
1737 893 1854 945 per·

116 950 270 1007 venit
307 949 773 1005 familiaritatem:
814 949 1069 1022 fulgebat
1110 951 1256 1005 enim
1300 951 1410 1005 iam
1452 951 1509 1005 in
1543 951 1856 1005 adulescen-

116 1027 237 1083 tulo
285 1026 499 1082 indoles
540 1027 782 1081 virtutis.
862 1027 1052 1097 itaque
1096 1046 1222 1081 eum
1271 1027 1472 1082 habuit
1520 1027 1588 1081 ad
1631 1047 1855 1082 manum
1889 1044 1916 1083 5

115 1103 333 1160 scribae
373 1103 514 1175 loco,
555 1103 704 1174 quod
746 1102 923 1157 multo
967 1103 1112 1174 apud
1148 1102 1349 1158 Graios
1391 1104 1854 1159 honorificentius

115 1183 205 1237 est
244 1198 413 1252 quam
453 1180 598 1252 apud
640 1178 940 1234 Romanos.
1001 1198 1239 1251 namque
1283 1180 1427 1251 apud
1467 1199 1586 1252 nos,
1627 1200 1686 1236 re
1727 1199 1858 1235 vera

116 1257 265 1313 sicut
304 1260 453 1327 sunt,
493 1257 856 1311 mercennarii
899 1257 1113 1312 scribae
1147 1257 1567 1328 existimantur3
1608 1262 1667 1312 at
1712 1257 1857 1328 apud

115 1333 245 1389 illos
286 1352 316 1389 e
357 1333 640 1389 contrario
681 1351 845 1388 nemo
888 1333 956 1388 ad
998 1333 1052 1386 id
1096 1333 1343 1388 officium
1386 1334 1707 1388 admittitur
1747 1334 1856 1388 nisi

116 1409 356 1466 honesto
405 1410 554 1481 loco,
602 1413 660 1463 et
708 1409 814 1464 fide
857 1413 914 1464 et
963 1410 1238 1464 industria
1280 1411 1530 1483 cognita,
1580 1411 1728 1481 quod
1768 1429 1858 1465 ne-

117 1504 272 1543 cesse
321 1489 409 1541 est
457 1486 705 1541 omnium
755 1486 1116 1541 consiliorum
1166 1506 1292 1541 eum
1342 1505 1461 1541 esse
1511 1487 1857 1558 participem

116 1562 265 1619 hunc
312 1562 498 1618 locum
551 1562 734 1618 tenuit
785 1563 1064 1617 amicitiae
1114 1563 1259 1634 apud
1309 1562 1633 1635 Philippum
1683 1582 1857 1619 annos
1891 1579 1918 1618 6

118 1643 349 1711 septem.
428 1639 526 1695 illo
576 1638 873 1694 interfecto
923 1640 1119 1695 eodem
1158 1640 1350 1725 ‘gradu
1392 1639 1501 1694 fuit
1543 1641 1688 1712 apud
1730 1641 1857 1696 Ale

118 1715 392 1771 xandrum
448 1734 623 1771 annos
680 1716 963 1772 tredecim.
1042 1717 1348 1771 novissimo
1403 1721 1653 1788 tempore
1707 1737 1859 1788 prae-

117 1791 229 1848 fuit
267 1792 439 1848 etiam
479 1793 688 1848 alterae
723 1793 975 1879 equitum
1010 1793 1144 1864 alae,
1186 1813 1326 1864 quae
1353 1792 1648 1849 Hetaerice
1675 1795 1859 1865 appel·

118 1868 357 1925 labatur.
436 1870 659 1942 utrique
710 1874 898 1925 autem
947 1870 1003 1924 in
1047 1838 1280 1924 coiisilio
1335 1889 1551 1942 semper
1601 1871 1763 1925 affuit
1804 1875 1860 1926 et

119 1946 370 2001 omnium
409 1964 595 2002 rerum
635 1946 863 2001 habitus
906 1951 993 2001 est
1033 1947 1330 2018 particeps,

271 2022 589 2078 Alexandro
630 2022 918 2095 Babylone
961 2028 1198 2094 mortu0‚
1240 2042 1366 2078 cum
1407 2041 1580 2097 regna
1621 2024 1856 2096 singulis
1892 2024 1927 2078 2

118 2097 496 2154 familiaribus
560 2099 993 2172 dispertirentur
1051 2104 1108 2154 et
1171 2119 1391 2155 summa
1446 2100 1655 2155 tradita
1711 2104 1858 2154 esset

119 2174 327 2231 tuenda
374 2176 577 2246 eidem,
625 2177 713 2232 cui
762 2176 1076 2232 Alexander
1125 2178 1368 2233 moriens
1418 2178 1647 2232 anulum
1697 2195 1858 2230 suum

118 2251 372 2324 dederat,
419 2251 713 2309 Perdiccae
763 2251 853 2325 (ex
903 2272 1012 2325 quo
1071 2272 1262 2308 omnes
1321 2255 1672 2309 coniecerant
1732 2272 1858 2307 eum
1892 2269 1918 2304 ιι

121 2344 355 2402 regnum
395 2329 446 2385 ei
487 2330 850 2401 commisisse,
891 2330 1072 2401 quoad
1114 2330 1276 2385 liberi
1320 2331 1435 2384 eius
1479 2331 1534 2383 in
1577 2348 1733 2383 suam
1776 2333 1860 2384 tu-

123 2402 292 2460 telam
318 2406 726 2478 pervenissent.
768 2408 964 2461 aberat
997 2407 1143 2461 enim
1170 2406 1432 2463 Crateros
1460 2410 1516 2459 et
1542 2406 1860 2477 Antipater,

123 2478 219 2550 qui
274 2483 597 2539 antecedere
653 2483 800 2539 hunc
856 2483 1213 2555 videbantur3
1271 2487 1524 2537 mortuus
1583 2486 1704 2537 erat
1753 2481 1859 2537 He·

122 2553 394 2629 Phaestio,
433 2577 599 2631 quem
639 2579 811 2615 unum
838 2560 1167 2631 Alexander,
1210 2560 1354 2630 quod
1399 2559 1561 2613 facile
1604 2558 1857 2632 intellegi

123 2635 330 2704 posset,
369 2633 596 2722 plurimi
638 2635 887 2709 fecerat),
928 2637 1034 2692 hoc
1069 2641 1319 2707 tempore
1353 2635 1485 2689 data
1510 2638 1597 2689 est
1621 2634 1858 2689 Eumeni

121 2706 476 2779 Cappadocia
521 2713 637 2768 sive
685 2714 874 2786 potius
924 2713 1096 2768 dicta:
1155 2731 1284 2766 nam
1333 2716 1453 2766 tum
1502 2712 1560 2766 in
1612 2711 1859 2766 hostium

122 2787 245 2839 erat
275 2789 573 2857 potestate.
634 2788 782 2845 hunc
816 2790 923 2844 sibi
951 2789 1244 2844 Perdiccas
1286 2787 1614 2842 adiunxerat
1656 2807 1857 2859 magno
1893 2802 1921 2840 3

123 2860 327 2932 studi0,
368 2862 514 2933 quod
555 2863 613 2918 in
652 2865 877 2921 homine
919 2866 1084 2921 fidem
1127 2869 1184 2920 et
1226 2865 1558 2919 industriam
1602 2883 1859 2947 magnam

121 2936 363 3008 videbat,
403 2956 515 2993 non
555 2938 835 3013 dubitans,
876 2942 923 2997 si
958 2961 1083 2997 eum
1119 2941 1456 3012 pellexisset,
1498 2959 1699 3011 magno
1736 2939 1858 2993 usui

120 3009 241 3069 fore
274 2982 432 3069 sib'i
418 3033 475 3069 ιιι
508 3014 589 3070 eis
623 3017 788 3071 rebus
822 3036 961 3090 quas
995 3018 1318 3093 apparabat.
1376 3017 1664 3090 cogitabat
1698 3015 1862 3085 enim,
