2164 3358
597 90 675 135 XI.
711 90 1103 138 IPHICRATES.
1157 97 1274 137 1—3
1756 95 1830 149 43

73 215 218 271 male
259 235 378 271 rem
420 217 627 289 gessit,
670 237 890 289 semper
932 217 1167 272 consilio
1211 218 1347 272 vicit
1389 222 1722 290 tantumque
1766 240 1830 275 eo

71 293 268 363 valuit,
307 297 373 348 ut
415 295 596 348 multa
638 295 695 349 in
738 314 796 349 re
838 294 1075 348 militari
1118 295 1326 365 partim
1368 314 1513 350 nova
1556 297 1830 368 attulerit,

71 371 282 442 partim
323 371 559 426 meliora
607 370 825 426 fecerit.
904 390 1146 441 namque
1197 372 1291 426 ille
1342 373 1625 443 pedestria
1676 393 1831 428 arma
1865 388 1891 428 3

70 447 330 502 mutavit.
389 466 516 503 cum
543 452 673 503 ante
707 448 867 502 illum
902 448 1303 518 imperatorem
1334 451 1592 504 maximis
1621 450 1832 523 clipeiS,

69 524 333 580 brevibus
375 525 576 597 hastis,
619 525 852 579 minutis
895 525 1100 597 gladiis
1143 530 1454 597 uterentur,
1496 527 1591 582 ille
1634 547 1662 582 e
1705 547 1831 582 con·
1865 542 1892 582 4

67 602 247 656 trario
290 602 504 674 peltam
544 620 646 674 pro
680 619 878 673 parma
911 602 1047 656 fecit
1082 600 1139 675 (a
1173 622 1282 673 quo
1318 608 1517 675 postea
1551 606 1831 675 peltastae

67 679 287 750 pedites
312 678 567 749 appellati
597 682 737 744 sunt,
777 680 871 748 qui
909 684 1070 733 antea
1102 679 1332 749 hoplitae
1358 680 1831 755 appellabantur),

67 759 134 810 ut
174 756 244 811 ad
285 759 475 811 motus
511 773 928 826 concursusque
964 761 1154 811 essent
1188 757 1442 829 leviores,
1484 759 1681 814 hastae
1718 779 1831 814 mo-

65 832 202 887 dum
249 831 581 904 duplicavit,
638 831 858 906 gladios
908 833 1194 906 longiores
1237 833 1390 889 fecit.
1463 835 1611 889 idem
1654 856 1830 908 genus

66 909 371 965 loricarum
418 927 613 965 nmmm
661 911 897 964 instituit
944 915 1001 964 et
1051 930 1151 982 pro
1204 912 1371 966 sertis
1423 915 1592 983 atque
1644 914 1829 968 aeneis

65 986 271 1041 linteas
313 986 482 1041 dedit.
549 1005 659 1058 quo
694 986 847 1042 facto
891 989 1268 1059 expeditiores
1311 989 1522 1044 milites
1565 990 1831 1044 reddidit:

65 1081 197 1118 nam
237 1063 484 1135 pondere
525 1064 781 1118 detracto
795 1109 808 1134 ,
853 1065 1001 1135 quod
1044 1084 1220 1137 aeque
1264 1085 1467 1137 corpus
1510 1070 1732 1140 tegeret
1773 1072 1830 1123 et

66 1140 186 1196 leve
229 1145 395 1212 esset,
437 1142 669 1196 curavit.

219 1217 443 1273 Bellum
485 1236 612 1273 cum
653 1217 999 1274 Thraecibus
1043 1221 1239 1292 gessit,
1284 1219 1570 1293 Seuthem,
1614 1222 1829 1277 socium
1863 1222 1898 1276 2

66 1294 526 1365 Atheniensium,
567 1295 624 1350 in
668 1313 903 1369 regnum
947 1297 1219 1351 restituit.
1303 1299 1449 1369 apud
1492 1297 1829 1354 Corinthum

66 1375 229 1427 tanta
271 1372 572 1427 severitate
615 1373 884 1427 exercitui
926 1373 1190 1445 praefuit,
1232 1378 1296 1428 ut
1337 1375 1524 1430 nullae
1560 1395 1828 1446 umquam

65 1449 125 1504 in
175 1447 413 1504 Graecia
460 1468 640 1521 neque
691 1450 1116 1505 exercitatiores
1169 1452 1363 1522 copiae
1412 1471 1593 1523 neque
1645 1453 1828 1526 magis

63 1526 217 1581 dicto
251 1526 541 1581 audientes
580 1526 791 1581 fuerint
825 1528 975 1599 duci,
1017 1528 1075 1582 in
1102 1547 1336 1599 eamque
1365 1531 1828 1584 consuetudinem
1864 1543 1889 1582 2

63 1602 320 1674 adduxit,
367 1607 456 1675 ut,
498 1622 626 1659 cum
665 1604 867 1675 proelii
910 1605 1136 1678 signum
1180 1606 1249 1659 ab
1293 1607 1634 1678 imperatore
1678 1612 1827 1662 esset

62 1679 275 1751 datum,
316 1680 436 1735 sine
477 1680 633 1736 ducis
677 1700 849 1752 opera
891 1682 970 1736 sic
1015 1683 1305 1737 ordinatae
1334 1685 1726 1756 consisterent,
1763 1689 1828 1739 ut

64 1756 276 1831 singuli
317 1775 351 1812 a
390 1757 738 1830 peritissimo
788 1759 1132 1830 imperatore
1183 1760 1445 1832 dispositi
1490 1762 1826 1816 viderentur.

0 1835 12 1851 '
63 1833 173 1889 hoc
197 1834 445 1890 exercitu
479 1854 697 1890 moram
724 1834 1299 1891 Lacedaemoniorum
1333 1838 1636 1910 interfecit,
1679 1839 1825 1910 quod
1862 1853 1887 1892 3

65 1911 308 1966 maxime
350 1915 476 1967 tota
516 1912 864 1968 celebratum
907 1918 994 1968 est
1039 1913 1289 1969 Graecia.
1371 1916 1577 1970 iterum
1632 1917 1825 1970 eodem

63 1988 216 2043 bello
258 2007 452 2044 omnes
493 1991 685 2061 copias
720 2009 914 2045 eorum
950 1990 1185 2064 fugavit,
1228 2011 1337 2064 quo
1372 1992 1525 2048 facto
1561 2012 1825 2066 magnam

62 2065 301 2138 adeptus
343 2070 432 2121 est
480 2067 738 2141 gloriam.
820 2087 944 2122 cum
989 2069 1331 2124 Artaxerxes
1374 2071 1661 2143 Aegyptio
1705 2071 1822 2143 regi
1859 2083 1887 2122 4

63 2141 276 2198 bellum
332 2142 538 2199 inferre
596 2145 800 2217 voluit,
864 2144 1191 2216 Iphicraten
1250 2148 1320 2202 ab
1380 2147 1823 2202 Atheniensibus

63 2217 261 2275 ducem
301 2221 522 2293 petivit,
564 2241 729 2293 quem
771 2223 1102 2294 praeficeret
1144 2224 1413 2279 exercitui
1457 2224 1825 2294 conducticiO,

66 2295 225 2352 cuius
263 2315 531 2353 numerus
573 2298 867 2354 duodecim
911 2300 1130 2355 milium
1184 2301 1309 2355 fuit.
1392 2321 1556 2372 quem
1601 2301 1824 2372 quidem

67 2371 149 2426 sic
189 2375 344 2429 omni
385 2375 683 2448 disciplina
726 2377 959 2431 militari
1002 2378 1260 2449 erudivit,
1303 2382 1380 2449 ut,
1424 2398 1588 2448 quem
1617 2378 1684 2431 ad
1713 2396 1825 2432 mo-

66 2447 200 2503 dum
234 2452 514 2521 quondam
548 2451 788 2508 Fabiani
824 2454 1034 2509 milites
1071 2454 1284 2509 Romae
1323 2455 1615 2526 [appellati
1652 2457 1825 2525 sunt],

68 2525 148 2580 sic
175 2523 589 2598 Iphicratenses
617 2531 762 2602 apud
791 2529 1037 2586 Graecos
1076 2533 1133 2586 in
1162 2552 1380 2586 summa
1409 2532 1570 2585 laude
1598 2531 1824 2586 fuerint.

67 2602 214 2656 idem
265 2604 514 2662 subsidio
556 2605 1017 2663 Lacedaemoniis
1068 2609 1355 2680 profectus
1399 2608 1823 2680 Epaminondae
1859 2622 1885 2662 5

66 2678 377 2735 retardavit
414 2682 677 2754 impetus.
729 2704 861 2739 nam
894 2687 1005 2740 nisi
1049 2687 1167 2740 eius
1211 2686 1482 2739 adventus
1528 2687 1823 2757 appropin-

0 2788 16 2868 ι
66 2761 313 2828 quasset,
352 2775 467 2812 non
491 2760 647 2830 prius
672 2761 924 2816 Thebani
955 2761 1162 2834 Sparta
1188 2763 1612 2833 abscessissent,
1656 2782 1822 2834 quam

0 2873 14 2891 .
65 2838 293 2906 captam
333 2834 592 2890 incendio
632 2837 927 2893 delessent.

0 2917 5 2923 '
219 2909 355 2966 Fuit
395 2915 585 2966 autem
625 2917 684 2967 et
724 2915 911 2970 animo
954 2934 1160 2988 magno
1203 2919 1260 2970 et
1301 2934 1535 2988 corpore
1589 2917 1822 2985 impera·
1857 2913 1891 2967 3

64 2986 324 3060 toriaque
365 2987 574 3058 forma,
613 2993 679 3043 ut
717 2990 841 3061 ipso
885 3000 1118 3064 aspectu
1161 2993 1337 3048 cuivis
1380 2994 1613 3049 iniceret
1654 2992 1822 3045 admi·
