2164 3358
637 135 760 182 xlv.
796 134 1103 182 DATAMES.
1142 141 1210 180 ιο.
1249 140 1322 180 ιι.
1788 137 1863 191 55

110 267 172 319 et
210 262 413 318 absens
454 262 762 317 amicitiam
806 281 930 317 cum
972 260 1213 315 Datame
1254 260 1407 332 facit,
1454 261 1601 334 regis
1644 262 1865 332 provin·

111 340 230 398 cia-s
269 344 458 409 vexat,
505 339 739 394 castella
778 342 1087 411 expugnat,
1137 356 1369 410 magnas
1420 338 1654 409 praedas
1698 338 1864 408 capit,

112 434 350 490 quarum
406 416 616 488 partim
672 415 788 470 suis
845 414 1134 485 dispertit,
1191 415 1399 486 partim
1457 415 1524 468 ad
1582 413 1865 468 Datamen

112 493 318 564 mittit3
366 494 485 565 pari
537 492 703 547 modo
751 491 1041 562 complura
1083 492 1316 546 castella
1356 492 1405 545 ei
1458 491 1645 546 tradit.
1727 491 1863 544 haec
1899 518 1927 555 3

111 568 207 626 diu
263 568 518 625 faciendo
574 567 826 640 peruasit
882 567 1096 622 homini
1148 587 1206 622 se
1265 568 1549 623 infinitum
1599 568 1864 622 adversus

112 665 301 722 regem
342 645 655 717 suscepisse
696 644 925 715 bellum,
966 664 1091 699 cum
1136 644 1313 698 nihilo
1351 647 1548 719 magiS,
1589 664 1657 699 ne
1696 663 1865 716 quam

114 723 488 797 suspicionem
544 722 628 776 illi
685 721 981 794 praeberet
1036 722 1397 792 insidiarum,
1462 741 1639 792 neque
1699 721 1867 776 collo·

114 801 309 874 quium
341 800 460 855 eius
494 799 700 870 petivit
724 817 901 869 neque
937 799 992 852 in
1021 802 1384 870 conspectum
1413 799 1598 853 venire
1633 798 1866 853 studuit.

113 879 193 934 sic
225 877 428 933 absens
462 875 771 931 amicitiam
806 876 1054 949 gerebat,
1088 880 1152 929 ut
1176 894 1290 930 non
1316 875 1602 931 beneficiis
1639 876 1867 945 mutuis,

112 954 208 1010 sed
248 953 530 1009 communi
566 951 710 1023 odi0‚
750 952 899 1023 quod
933 971 1067 1025 erga
1103 971 1291 1026 regem
1327 957 1704 1024 susceperant,
1742 971 1866 1007 con-

111 1030 282 1086 tineri
321 1029 659 1085 viderentur.

265 1105 332 1162 Id
371 1125 497 1163 cum
540 1106 680 1161 satis
715 1125 773 1161 se
808 1106 1168 1161 confirmasse
1203 1107 1514 1162 arbitratus
1549 1113 1715 1177 esset,
1757 1125 1867 1161 cer·
1891 1118 1948 1170 11

110 1185 316 1240 tiorem
358 1182 496 1239 facit
528 1182 824 1253 Datamen,
866 1188 1089 1255 tempus
1124 1203 1245 1238 esse
1282 1185 1522 1239 maiores
1563 1202 1645 1239 res
1678 1184 1862 1255 parari

111 1266 171 1317 et
209 1260 422 1316 bellum
463 1279 589 1316 cum
632 1261 755 1333 ipso
798 1278 928 1333 rege
979 1262 1213 1332 suscipi,
1263 1262 1439 1332 deque
1480 1280 1546 1316 ea
1596 1280 1677 1331 re,
1727 1261 1772 1316 si
1816 1261 1864 1314 ei

112 1337 411 1408 videretur,
444 1356 555 1409 quo
590 1337 714 1392 loco
749 1338 934 1408 vellet,
968 1338 1024 1392 in
1059 1338 1402 1409 colloquium
1448 1339 1678 1392 veniret.
1744 1356 1866 1408 pro·

112 1415 250 1470 bata
300 1433 359 1469 re
411 1414 766 1487 colloquendi
825 1419 1046 1486 tempus
1106 1417 1349 1470 sumitur
1405 1416 1697 1486 locusque,
1755 1433 1865 1485 quo

112 1492 519 1548 conveniretur.
597 1491 706 1547 huc
747 1490 1107 1546 Mithridates
1151 1510 1277 1546 cum
1319 1512 1454 1562 un0,
1497 1493 1583 1547 cui
1629 1491 1867 1545 maxime
1903 1514 1927 1553 ρ
2011 1543 2015 1546 ,

111 1568 360 1624 habebat
399 1567 583 1639 fidem,
622 1573 752 1623 ante
787 1569 1006 1640 aliquot
1038 1569 1156 1623 dies
1192 1569 1344 1623 venit
1373 1569 1867 1641 compluribusque

111 1645 252 1702 locis
300 1645 606 1718 separatim
655 1645 873 1719 gladios
923 1646 1114 1700 obruit
1163 1665 1337 1717 eaque
1392 1647 1515 1700 loca
1567 1646 1869 1717 diligenter

110 1726 291 1779 notat.
370 1722 493 1794 ipso
543 1726 731 1778 autem
782 1723 1047 1794 colloquii
1098 1723 1185 1776 die
1236 1724 1484 1795 utrique,
1536 1724 1721 1778 locum
1772 1722 1867 1793 qui

110 1799 472 1872 explorarent
511 1803 680 1871 atque
722 1801 875 1872 ipsos
918 1804 1326 1871 scrutarentur,
1370 1801 1630 1871 mittunt3
1670 1800 1867 1854 deinde

112 1876 222 1948 ipsi
262 1881 396 1932 sunt
434 1878 737 1950 congressi.
802 1877 893 1932 hic
928 1896 1053 1931 cum
1097 1877 1444 1948 aliquamdiu
1485 1878 1544 1932 in
1585 1877 1866 1949 colloquio
1903 1903 1927 1935 :⁴

111 1953 356 2008 fuissent
401 1958 461 2008 et
507 1954 712 2009 diversi
763 1954 1155 2009 discessissent
1197 1955 1418 2026 iamque
1461 1955 1653 2026 procul
1698 1953 1866 2008 Data-

113 2048 233 2085 mes
282 2028 534 2101 abesset,
581 2030 965 2102 Mithridates,
1018 2032 1347 2102 priusquam
1389 2032 1457 2086 ad
1500 2051 1631 2086 suos
1682 2051 1866 2103 perve-

111 2107 276 2177 niret,
315 2125 385 2162 ne
420 2126 587 2179 quam
629 2109 1005 2180 suspicionem
1041 2113 1279 2179 pareret,
1320 2109 1377 2163 in
1412 2110 1648 2164 eundem
1683 2109 1867 2162 locum

111 2183 417 2239 revertitur
455 2188 626 2256 atque
666 2185 762 2255 ibi,
804 2186 897 2239 ubi
943 2185 1116 2239 telum
1153 2189 1275 2240 erat
1315 2185 1606 2255 infossum,
1648 2188 1869 2259 resedit,

113 2264 180 2315 nt
217 2260 266 2316 si
307 2260 640 2316 lassitudine
681 2267 911 2333 cuperet
952 2262 1321 2333 acquiescere,
1363 2261 1752 2333 Datamenque
1789 2284 1868 2319 re·

114 2337 359 2409 vocavit,
408 2338 679 2393 simulans
730 2356 788 2393 se
838 2338 1102 2409 quiddam
1145 2340 1200 2393 in
1244 2339 1525 2410 colloquio
1568 2360 1688 2394 esse
1731 2342 1869 2395 obli-

116 2415 253 2468 tum.
330 2415 557 2470 interim
600 2416 792 2486 telum,
833 2416 979 2486 quod
1025 2416 1254 2487 latebat,
1295 2418 1535 2487 protulit
1576 2418 1869 2472 nudatum·
1902 2437 1929 2474 4

115 2506 226 2560 que
263 2491 469 2564 vagina
507 2497 664 2547 veste
705 2493 848 2547 texit
889 2511 950 2547 ac
995 2492 1220 2547 Datami
1268 2494 1508 2547 venienti
1554 2495 1649 2564 ait,
1690 2495 1867 2569 digre-

116 2564 362 2621 dientem
409 2586 468 2624 se
510 2569 975 2625 animadvertisse
1019 2570 1201 2623 locum
1247 2571 1547 2641 quendam,
1601 2573 1693 2643 qui
1746 2577 1868 2626 erat

116 2642 174 2696 in
215 2648 534 2717 conspectu,
574 2645 642 2701 ad
685 2652 870 2701 castra
913 2647 1168 2718 ponenda
1204 2665 1324 2700 esse
1360 2647 1635 2702 idoneum.
1702 2668 1865 2721 quem
1901 2666 1930 2705 5

116 2735 243 2773 cum
292 2717 473 2792 digito
520 2721 934 2778 demonstraret
975 2727 1034 2776 et
1084 2723 1177 2776 ille
1229 2724 1556 2795 respiceret,
1609 2745 1863 2781 aversum

0 2841 5 2867 k
114 2793 266 2850 ferro
307 2795 593 2853 transfixit
630 2801 922 2872 priusque,
963 2819 1131 2871 quam
1175 2801 1473 2872 quisquam
1515 2808 1709 2873 posset
1751 2822 1867 2857 suc-

0 2875 5 2886 '
115 2889 361 2943 currere,
409 2872 706 2932 interfecit.
785 2877 868 2931 ita
909 2876 1004 2931 ille
1046 2877 1154 2946 vir,
1208 2878 1301 2947 qui
1354 2879 1564 2933 multos
1615 2880 1867 2949 consilio,

115 2948 395 3005 neminem
429 2950 663 3021 perfidia
695 2957 936 3023 ceperat,
969 2953 1236 3009 simulata
1263 2958 1461 3025 captus
1489 2960 1575 3010 est
1601 2956 1867 3010 amicitia.

812 3090 846 3095 —
862 3090 945 3097 --
958 3090 1164 3097 --——.-
