2019 3310
155 127 226 179 22
686 125 763 171 VI.
798 123 1140 170 LYSANDER.
1191 128 1319 170 1-3.

156 269 253 303 sua
302 252 515 303 teneret
562 252 862 319 potestate,
918 267 1041 302 cum
1095 248 1151 301 id
1185 266 1259 315 *se
1307 246 1862 302 Lacedaemoniorum

95 338 120 377 5
155 343 318 378 causa
342 324 519 378 facere
548 324 847 376 simularet.
901 342 1136 392 namque
1161 323 1415 392 undique,
1448 324 1542 392 qui
1566 322 1862 377 Athenien-

155 401 296 453 sium
328 401 490 452 rebus
526 398 882 468 studuissent,
914 399 1102 452 eiectis
1137 398 1322 451 decem
1355 397 1680 482 delegerat
1665 417 1724 451 m
1753 416 1863 452 una

155 493 368 544 quaque
396 475 634 543 civitate,
668 474 866 542 quibus
894 492 1167 527 summum
1192 473 1483 543 imperium
1507 476 1863 543 potestatem-

155 568 259 618 que
303 550 546 602 omnium
586 567 770 602 rerum
810 550 1196 602 committeret.
1255 548 1501 602 horum
1486 567 1545 600 m
1574 566 1863 601 numerum

151 643 311 677 nemo
363 625 781 693 admittebatur,
836 625 946 677 nisi
995 624 1087 694 qui
1136 627 1232 677 aut
1278 623 1394 677 eius
1449 623 1694 693 hospitio
1741 641 1864 676 con-

153 700 423 752 tineretur
463 703 558 752 aut
599 717 655 752 se
696 668 845 752 illius
885 699 1002 752 fore
1042 700 1326 769 proprium
1357 698 1462 752 fide
1496 698 1863 752 confirmarat.

92 775 128 829 2
302 773 392 827 Ita
423 774 772 828 decemvirali
804 778 1081 844 potestate
1114 775 1172 827 in
1206 774 1461 827 omnibus
1486 773 1716 827 urbibus
1743 791 1866 827 con-

152 850 351 903 stituta
397 850 570 920 ipsius
617 853 757 903 nutu
802 850 985 903 omnia
1025 850 1370 922 gerebantur.
1449 849 1602 903 cuius
1644 848 1708 901 de
1749 866 1866 902 cru-

153 925 378 978 delitate
420 943 482 979 ac
522 925 751 995 perfidia
783 925 918 978 satis
954 929 1039 977 est
1071 943 1235 978 unam
1268 942 1384 977 rem
1416 923 1652 994 exempli
1684 923 1867 995 gratia

151 1000 412 1070 proferre,
451 1018 518 1053 ne
560 1001 623 1053 de
665 1000 855 1053 eodem
894 1000 1053 1069 plura
1092 999 1458 1053 enumerando
1499 999 1864 1070 defatigemus

12 1085 23 1097 ⁰
91 1089 118 1129 2
152 1076 401 1129 lectores
465 1075 642 1128 victor
675 1094 740 1128 ex
771 1075 908 1128 Asia
949 1093 1073 1128 cum
1113 1078 1481 1127 reverteretur
1513 1073 1865 1144 Thasumque

152 1151 490 1220 devertisset,
533 1150 678 1220 quod
711 1168 774 1203 ea
806 1150 1000 1204 civitas
1041 1150 1337 1220 praecipua
1375 1149 1480 1202 fide
1521 1148 1702 1203 fuerat
1734 1167 1867 1220 erga

151 1226 534 1295 AthenienseS,
573 1226 800 1295 proinde
843 1244 905 1279 ac
946 1226 993 1278 si
1032 1242 1139 1278 non
1178 1225 1345 1278 iidem
1383 1224 1690 1278 firmissimi
1730 1225 1867 1278 sole-

151 1304 275 1354 rent
315 1319 433 1354 esse
476 1301 659 1370 amici,
702 1301 794 1370 qui
835 1304 1152 1354 constantes
1193 1300 1430 1353 fuissent
1469 1299 1701 1370 inimici,
1749 1317 1867 1370 per-

94 1390 120 1430 3
153 1380 365 1429 vertere
407 1394 526 1428 eam
561 1376 888 1446 concupivit.
952 1376 1091 1428 vidit
1124 1379 1323 1445 autem,
1363 1375 1472 1428 nisi
1503 1375 1562 1427 in
1593 1393 1657 1428 eo
1691 1374 1867 1428 occul-

153 1455 330 1504 tasset
385 1452 754 1520 voluntatem,
819 1451 1068 1504 futurum
1122 1454 1186 1503 ut
1241 1450 1430 1503 Thasii
1495 1450 1868 1504 dilaberentur

153 1527 607 1596 consulerentque
648 1527 810 1579 rebus
852 1527 965 1579 suis
991 1546 1018 1576 *
1044 1546 1071 1575 *
1097 1545 1125 1575 *

93 1603 126 1656 3
302 1601 497 1671 Itaque
545 1602 585 1654 ii
635 1602 1049 1655 decemviralem
1097 1604 1433 1670 potestatem
1481 1601 1549 1654 ab
1598 1601 1695 1654 illo
1745 1619 1868 1655 0011-

154 1677 410 1730 stitutam
459 1677 813 1730 sustulerunt.
893 1695 999 1746 quo
1041 1677 1228 1730 dolore
1276 1677 1530 1730 incensus
1579 1676 1706 1728 iniit
1746 1695 1869 1729 con-

154 1753 278 1805 silia
316 1771 472 1824 reges
506 1751 1065 1806 Lacedaemoniorum
1104 1752 1313 1804 tollere.
1377 1752 1472 1804 sed
1505 1751 1782 1804 sentiebat
1813 1751 1868 1804 id

155 1846 210 1881 se
252 1828 367 1881 sine
410 1846 511 1897 ope
553 1828 778 1881 deorum
818 1826 997 1881 facere
1036 1846 1146 1880 non
1186 1845 1370 1897 posse,
1418 1826 1564 1896 quod
1604 1825 1868 1880 Lacedae-

94 1917 120 1958 2
154 1903 325 1956 monii
367 1903 550 1956 omnia
591 1903 658 1956 ad
701 1903 923 1956 oracula
962 1902 1163 1956 referre
1206 1905 1549 1956 consuerant.
1627 1902 1868 1972 primum

153 1977 484 2048 Delphicum
525 1996 873 2048 corrumpere
915 1982 1000 2031 est
1041 1981 1284 2031 conatus
1356 1996 1481 2031 cum
1530 1976 1586 2030 id
1625 1995 1738 2030 non
1776 1995 1868 2047 po-

154 2055 368 2122 tuisset,
402 2052 759 2106 Dodonaeum
793 2054 1017 2106 adortus
1052 2058 1150 2106 est.
1203 2054 1331 2107 hinc
1365 2070 1582 2122 (100(100
1615 2052 1866 2122 repulsus

156 2129 294 2182 dixit
335 2147 392 2182 se
434 2132 565 2181 vota
598 2130 917 2198 suscepisse,
960 2148 1096 2198 quae
1131 2128 1251 2182 Iovi
1283 2127 1584 2181 Hammoni
1616 2127 1868 2195 solveret,

95 2220 121 2259 3
156 2205 476 2258 existimans
531 2222 586 2256 se
639 2203 806 2256 Afros
863 2204 1079 2257 facilius
1137 2207 1539 2274 corrupturum.
1615 2202 1719 2256 hac
1771 2220 1866 2271 spe

157 2299 279 2334 cum
327 2279 607 2349 profectus
657 2283 802 2332 esset
853 2279 910 2331 in
957 2279 1225 2349 Africam,
1275 2279 1511 2332 multum
1559 2295 1683 2331 eum
1731 2277 1868 2330 anti-

158 2356 317 2407 stites
359 2354 506 2408 Iovis
547 2353 874 2407 fefellerunt.
933 2374 1060 2407 nam
1093 2373 1204 2407 non
1237 2354 1416 2407 solum
1449 2351 1725 2421 corrumpi
1756 2370 1868 2406 non

157 2434 472 2499 potuerunt,
514 2430 607 2483 sed
641 2429 808 2482 etiam
842 2429 1056 2499 legatos
1090 2428 1556 2482 Lacedaemonem
1585 2428 1868 2498 miserunt,

160 2505 251 2575 qui
293 2503 635 2574 Lysandrum
677 2509 1022 2572 accusarent,
1064 2504 1207 2572 quod
1249 2503 1558 2556 sacerdotes
1599 2502 1713 2556 fani
1753 2521 1868 2557 cor-

97 2594 125 2634 4
160 2598 409 2649 rumpere
437 2584 664 2633 conatus
691 2583 851 2633 esset.
912 2583 1199 2633 accusatus
1226 2579 1330 2631 hoc
1354 2578 1581 2632 crimine
1606 2578 1862 2632 iudicum·

161 2673 263 2726 que
306 2655 589 2708 absolutus
625 2654 928 2724 sententiis,
970 2653 1351 2707 Orchomeniis
1387 2653 1586 2707 missus
1621 2653 1867 2708 subsidio

100 2746 125 2784 6
162 2730 372 2783 occisus
414 2734 497 2782 est
538 2750 567 2782 a
607 2730 881 2783 Thebanis
932 2729 1074 2799 apud
1122 2728 1451 2781 Haliartum.
1531 2747 1696 2799 quam
1742 2745 1867 2782 vere

161 2805 224 2859 de
265 2823 328 2858 eo
369 2822 507 2858 secus
546 2805 689 2857 toret
730 2806 1052 2873 iudicatum,
1101 2804 1278 2857 oratio
1319 2804 1519 2858 indicio
1560 2803 1690 2874 fuit,
1730 2820 1868 2873 quae

159 2884 288 2951 post
327 2884 560 2933 mortem
601 2881 655 2932 in
699 2881 858 2934 domo
900 2881 1016 2933 eius
1059 2882 1276 2948 reperta
1308 2883 1407 2948 est,
1447 2879 1501 2932 in
1535 2897 1644 2949 qua
1676 2878 1870 2932 suadet

159 2955 622 3023 Lacedaemoniis,
663 2959 725 3007 ut
765 2956 916 3027 legia
954 2958 1231 3025 potestate
1281 2954 1549 3008 dissoluta
1594 2971 1660 3007 ex
1699 2953 1870 3007 omni·
