2164 3358
552 165 653 213 XV.
689 165 1157 213 EPAMxNONDAS.
1208 169 1248 211 5.
1285 170 1325 211 6.
1745 166 1820 218 59

68 291 227 350 citati
270 310 392 348 esse
432 292 653 347 debent.
714 311 884 364 quare
927 291 972 345 si
1015 290 1295 362 principes
1340 287 1608 344 Graeciae
1649 290 1821 344 vultis

67 387 209 442 esse,
248 368 452 424 castris
493 372 581 424 est
620 369 780 423 vobis
822 366 1107 437 utendum,
1147 385 1259 421 non
1294 366 1612 437 palaestra?
1675 366 1821 420 idem
1857 381 1883 419 5

68 445 166 503 ille
204 443 544 501 Meneclides
585 463 711 501 cum
752 444 883 499 huic
935 443 1207 512 obiceret,
1262 443 1408 513 quod
1460 443 1668 497 liberos
1711 461 1820 497 non

68 522 306 578 haberet
344 541 524 595 neque
573 539 801 577 uxorem
850 519 1126 590 duxisset,
1182 519 1532 590 maximeque
1586 519 1824 573 insolen-

69 600 227 669 tiam,
268 599 415 670 quod
458 598 565 653 sibi
601 596 1041 670 Agamemnonis
1084 596 1217 649 belli
1261 596 1499 669 gloriam
1542 596 1826 650 videretur

70 679 430 732 consecutus:
470 678 531 729 at
555 674 649 729 ille
675 671 920 743 ‘desine,’
955 673 1140 744 inquit
1166 671 1512 744 ‘Meneclida,
1554 673 1619 726 de
1653 691 1823 728 uxore

71 752 210 808 mihi
260 751 623 824 exprobrare:
685 768 815 804 nam
865 749 1074 803 nullius
1127 749 1183 803 in
1233 749 1345 802 ista
1394 768 1452 803 re
1506 749 1690 803 minus
1739 748 1822 803 uti

72 829 310 886 consilio
349 826 515 883 volo?
580 825 854 899 (habebat
886 826 1034 881 enim
1069 825 1406 880 Meneclides
1449 825 1821 896 suspicionem

72 902 376 978 adulterii.)
447 902 617 975 ‘quod
659 907 846 958 autem
889 922 977 957 me
1018 902 1502 976 Agamemnonem
1557 902 1822 955 aemulari
1859 916 1887 954 6

71 986 257 1056 putas,
294 980 525 1036 falleris.
584 998 825 1051 namque
866 980 961 1034 ille
1003 999 1129 1034 cum
1171 979 1431 1034 universa
1466 977 1701 1033 Graecia
1734 979 1823 1032 vix

70 1058 263 1115 decem
312 1058 475 1112 annis
523 1075 692 1112 unam
743 1057 894 1129 cepit
940 1057 1160 1126 urbem,
1210 1073 1315 1128 ego
1366 1060 1564 1110 contra
1611 1074 1676 1109 ea
1716 1073 1821 1109 una

69 1135 209 1190 urbe
232 1137 430 1190 nostra
462 1133 660 1205 dieque
693 1152 803 1187 uno
840 1136 1017 1187 totam
1048 1132 1340 1186 Graeciam
1367 1130 1824 1186 Lacedaemoniis

69 1210 283 1286 fugatis
323 1209 595 1266 liberavi.’

226 1287 384 1343 Idem
434 1306 559 1343 cum
609 1287 667 1342 in
717 1290 1052 1341 conventum
1095 1286 1342 1340 venisset
1382 1285 1690 1354 Arcadum,
1739 1304 1826 1355 pe·
1860 1286 1895 1338 6

72 1369 199 1421 tens
239 1369 305 1420 ut
346 1364 676 1420 societatem
718 1382 843 1418 cum
878 1362 1158 1417 Thebanis
1201 1367 1258 1416 et
1292 1362 1521 1434 Argivis
1563 1362 1828 1431 facerent,

72 1446 381 1514 contraque
414 1439 792 1510 Callistratus,
834 1439 1265 1493 Atheniensium
1311 1439 1547 1512 legatuS,
1590 1439 1683 1508 qui
1720 1438 1828 1492 elo-

73 1518 307 1592 quentia
346 1536 540 1574 omnes
581 1536 646 1572 eo
694 1516 1022 1588 praestabat
1072 1520 1348 1587 tempore,
1399 1515 1717 1587 postularet
1764 1517 1829 1567 ut

73 1595 266 1669 potius
300 1594 607 1650 amicitiam
634 1596 1000 1665 sequerentur
1025 1593 1366 1663 Atticorum,
1407 1596 1465 1646 et
1491 1592 1545 1645 in
1575 1592 1828 1645 oratione

73 1691 179 1729 sua
224 1671 405 1727 multa
452 1671 705 1726 invectus
747 1674 898 1725 esset
946 1670 1003 1724 in
1044 1669 1342 1723 Thebanos
1385 1672 1442 1722 et
1483 1668 1727 1741 Argivos
1770 1668 1825 1721 in

73 1749 268 1822 eisque
314 1748 423 1804 hoc
470 1748 777 1820 posuisset,
834 1748 1082 1802 animum
1134 1746 1421 1800 advertere
1475 1745 1675 1798 debere
1726 1743 1827 1797 Ar·
1862 1759 1887 1796 e

74 1825 257 1897 cades,
297 1824 491 1898 quales
523 1829 762 1895 utraque
795 1824 994 1879 civitas
1024 1824 1171 1877 cives
1207 1826 1575 1893 procreasset,
1616 1840 1681 1876 ex
1709 1821 1826 1891 qui-

75 1902 184 1958 bus
222 1900 291 1958 de
330 1902 530 1957 ceteris
570 1904 805 1973 possent
843 1901 1111 1956 iudicare:
1177 1899 1420 1971 Argivos
1462 1898 1610 1952 enim
1652 1897 1824 1951 fuisse

73 1977 338 2036 Orestem
387 1982 447 2034 et
485 1978 848 2034 Alcmeonem
899 1976 1245 2044 matricidaS,
1297 1975 1506 2029 Thebis
1549 1974 1822 2045 Oedipum

74 2059 290 2127 natum,
329 2054 443 2126 qui,
482 2073 606 2110 cum
649 2058 867 2126 patrem
910 2073 1071 2108 suum
1114 2051 1506 2122 interfecisset,
1547 2071 1611 2105 ex
1648 2055 1824 2105 matre

74 2132 286 2188 liberos
319 2135 694 2204 procreasset:
727 2131 856 2185 huic
891 2132 947 2185 in
982 2129 1366 2201 respondendo
1392 2127 1828 2200 Epaminondas,
1862 2143 1888 2178 3

75 2227 206 2266 eum
246 2208 314 2263 de
356 2209 558 2263 ceteris
598 2211 940 2280 perorasset,
992 2211 1293 2278 postquam
1336 2205 1401 2259 ad
1446 2205 1541 2259 illa
1584 2205 1692 2257 duo
1735 2222 1827 2273 op-

76 2285 307 2359 probria
345 2284 615 2357 pervenit,
655 2284 916 2339 admirari
960 2302 1019 2337 se
1061 2283 1202 2338 dixit
1244 2282 1546 2336 stultitiam
1585 2281 1827 2334 rhetoris

79 2361 278 2435 Attici,
318 2362 413 2434 qui
454 2380 567 2417 non
609 2360 1084 2430 animadverterit,
1124 2361 1449 2414 innocentes
1494 2358 1620 2411 illos
1663 2361 1826 2411 natos

79 2436 262 2510 domi,
299 2438 507 2495 scelere
548 2438 793 2493 admisso
836 2457 960 2492 cum
1004 2437 1189 2508 patria
1230 2440 1418 2490 essent
1459 2434 1699 2505 expulsi,
1748 2451 1828 2486 re-

80 2517 277 2586 cepto·
314 2532 436 2571 esse
476 2515 547 2570 ab
591 2514 1045 2570 Atheniensibus.
1127 2514 1222 2567 sed
1279 2512 1515 2566 maxime
1558 2511 1676 2564 eius
1718 2509 1827 2564 elo·
1861 2527 1886 2562 «ι

81 2588 314 2662 quentia
342 2590 522 2648 eluxit
546 2589 784 2663 Spartae
818 2591 992 2664 legati
1028 2594 1157 2645 ante
1188 2607 1432 2660 pugnam
1461 2586 1829 2641 Leuctricam.

80 2684 194 2739 quo
234 2683 363 2722 cum
393 2668 643 2724 omnium
671 2668 950 2724 sociorum
978 2667 1368 2723 convenissent
1409 2665 1599 2737 legati,
1640 2682 1826 2718 coram

0 2792 4 2806 ‚
79 2742 539 2816 frequentissimo
583 2744 979 2819 [legationum]
1024 2749 1299 2798 conventu
1342 2741 1422 2795 sic
1465 2739 1826 2795 Lacedaemo·

77 2820 304 2876 niomm
353 2819 703 2891 tyrannidem
754 2821 1036 2893 coarguit,
1089 2824 1153 2873 ut
1194 2838 1304 2873 non
1347 2818 1530 2872 minus
1575 2817 1671 2871 illa
1712 2835 1827 2870 ora·

78 2896 238 2953 tione
277 2913 414 2968 opes
453 2913 647 2951 eorum
688 2898 1038 2953 concusserit
1079 2914 1244 2967 quam
1291 2893 1583 2951 Leuctrica
1626 2911 1828 2965 pugna„

78 2974 204 3029 tum
258 2973 407 3029 enim
464 2970 723 3043 perfecit,
778 2974 926 3044 quod
980 2978 1110 3045 post
1162 2972 1448 3042 apparuit,
1502 2976 1567 3025 ut
1620 2969 1825 3024 auxilie

80 3047 555 3115 [lacedaemonii]
599 3046 876 3103 sociorum
920 3050 1291 3120 privarentur.
