2164 3358
609 101 664 148 11.
707 101 1191 151 THEms'rocLEs.
1240 107 1374 149 2—4.
1799 104 1832 156 9

97 246 135 285 a
163 227 267 285 deo
299 227 604 303 significari
640 247 859 283 murum
893 228 1154 300 ligneum.
1207 226 1305 281 tali
1336 227 1569 290 consilio
1597 228 1833 298 probato
1867 242 1894 283 s

98 303 312 361 addunt
357 303 426 359 ad
474 305 788 376 superiores
837 303 1073 359 totidem
1118 321 1284 357 naves
1329 303 1583 357 triremes
1625 322 1833 374 suaque

98 380 303 453 omnia,
335 398 477 453 quae
508 381 717 436 moveri
753 383 1028 451 poterant,
1061 379 1266 450 partim
1296 377 1593 450 Salamina,
1627 381 1830 450 partim

96 454 380 513 Troezena
403 455 725 529 deportant:
758 473 941 510 arcem
973 455 1355 509 sacerdotibus
1391 456 1691 527 paucisque
1727 475 1834 510 ma—

98 532 314 589 ioribus
362 537 499 588 natu
540 531 608 588 ad
655 549 813 587 sacra
860 532 1207 602 procuranda
1256 532 1509 602 tradunt,
1558 532 1834 604 reliquum

99 608 367 683 oppidum
407 609 744 679 relinquunt.

253 684 434 741 Huius
474 683 769 740 consilium
810 683 1089 754 plerisque
1133 684 1459 739 civitatibus
1501 685 1834 755 displicebat
1870 685 1903 739 3

100 766 159 817 et
188 761 248 818 in
279 764 430 817 terra
459 759 712 815 dimicari
748 760 927 832 magis
962 759 1232 831 placebat.
1290 760 1479 831 itaque
1515 762 1670 814 missi
1707 767 1838 815 sunt

100 836 300 894 delecti
331 854 456 892 eum
482 833 743 906 Leonida,
777 834 1342 891 Lacedaemoniorum
1371 855 1515 909 rege,
1549 838 1643 908 qui
1669 837 1837 891 Ther·

100 912 355 985 mopylas
388 915 726 983 occuparent
759 912 1091 984 longiusque
1127 913 1395 967 barbaros
1430 913 1689 986 progredi
1725 933 1837 968 non

98 991 439 1062 paterentur.
517 987 558 1042 ii
599 988 711 1043 vim
760 987 1009 1043 hostium
1058 1008 1169 1043 non
1224 989 1612 1044 sustinuerunt
1661 1008 1835 1060 eoque

98 1063 222 1122 loeo
255 1082 447 1120 omnes
488 1064 838 1120 interierunt.
899 1069 959 1118 at
992 1065 1185 1120 classis
1222 1066 1533 1120 communis
1570 1066 1834 1120 Graeciae
1868 1082 1895 1118 2

98 1143 475 1196 trecentarum
515 1141 756 1211 navium,
799 1141 853 1195 in
896 1160 1004 1212 qua
1038 1142 1307 1196 ducentae
1341 1146 1501 1196 erant
1534 1142 1836 1196 Athenien-

99 1217 272 1288 sium,
311 1218 554 1290 primum
594 1217 738 1289 apud
781 1217 1152 1271 Artemisium
1196 1219 1340 1271 inter
1381 1217 1670 1273 Euboeam
1713 1237 1837 1272 con·

99 1292 482 1365 fluentemque
538 1297 747 1348 terram
803 1311 928 1348 cum
987 1294 1289 1348 classiariis
1348 1295 1517 1367 regiis
1571 1294 1836 1349 conflixit.

99 1369 389 1443 angustias
438 1369 587 1424 enim
634 1368 1040 1424 Themistocles
1092 1370 1418 1440 quaerebat,
1467 1389 1535 1424 ne
1587 1371 1836 1424 multitu-

99 1444 226 1501 dine
258 1445 660 1501 circumiretur.
725 1444 855 1500 hinc
889 1446 995 1499 etsi
1031 1447 1150 1517 pari
1193 1446 1406 1517 proelio
1450 1446 1836 1512 discesserant,
1871 1461 1897 1500 3

100 1524 288 1577 tamen
327 1520 522 1577 eodem
561 1521 684 1576 loco
725 1540 837 1576 non
878 1526 1010 1576 sunt
1050 1523 1169 1576 ausi
1222 1541 1466 1592 manere,
1521 1522 1667 1593 quod
1717 1527 1838 1576 erat

97 1596 424 1670 periculum,
454 1615 541 1668 ne,
574 1597 622 1652 si
654 1616 783 1669 pars
818 1598 1042 1652 navium
1078 1599 1522 1653 adversariorum
1547 1598 1836 1653 Euboeam

97 1677 432 1746 superasset,
472 1674 704 1745 ancipiti
738 1679 1122 1745 premerentur
1155 1675 1417 1747 periculo.
1481 1694 1590 1745 quo
1626 1676 1835 1729 sactum
1870 1691 1897 1729 4.

99 1753 188 1806 est
210 1752 277 1805 ut
299 1750 369 1805 ab
395 1749 703 1805 Artemisio
737 1751 1084 1805 discederent
1115 1755 1171 1804 et
1196 1752 1557 1806 exadversum
1584 1751 1836 1805 Athenas

98 1825 246 1899 apud
287 1823 572 1882 Salamina
613 1826 849 1881 classem
891 1846 1048 1881 suam
1091 1828 1513 1882 constituerent.

250 1900 331 1958 At
368 1901 581 1958 Xerxes
621 1902 1012 1974 Thermopylis
1064 1905 1396 1976 expugnatis
1447 1905 1703 1975 protinus
1755 1923 1837 1958 ac·
1871 1905 1906 1958 4

99 1977 272 2035 cessit
302 1981 429 2034 astu
462 1978 627 2051 idque
660 1979 830 2034 nullis
865 1979 1288 2034 defendentibus
1324 1980 1633 2034 interfectis
1662 1999 1836 2034 sacer·

98 2054 343 2126 dotibus,
375 2072 516 2127 quos
549 2055 607 2110 in
640 2074 764 2110 arce
791 2057 1092 2126 invenerat,
1126 2056 1378 2110 incendio
1404 2056 1622 2111 delevit.
1681 2057 1835 2110 cuius
1871 2070 1898 2111 2

363 2131 646 2204 perterriti
689 2131 959 2187 classiarii
1004 2151 1128 2188 cum
1173 2151 1393 2187 manere
1427 2152 1537 2187 non
1573 2132 1839 2186 auderent

100 2209 161 2263 et
211 2207 440 2281 plurimi
497 2207 881 2279 hortarentur,
938 2213 1001 2263 ut
1055 2209 1250 2263 domos
1308 2227 1435 2263 suas
1494 2209 1839 2262 discederent

102 2283 505 2356 moenibusque
530 2302 589 2340 se
621 2284 993 2354 defenderent,
1025 2285 1431 2340 Themistocles
1458 2304 1598 2338 unus
1627 2284 1838 2338 restitit

101 2359 164 2414 et
196 2359 488 2417 universos
528 2379 690 2433 pares
732 2379 852 2415 esse
894 2380 1056 2432 posse
1099 2362 1306 2430 aiebat,
1348 2362 1626 2431 dispersos
1671 2363 1837 2414 testa·

101 2430 272 2491 δύαι·
306 2436 604 2524 perituros,
643 2436 809 2509 idque
851 2436 1176 2524 Eurybiadi,
1218 2439 1334 2509 regi
1383 2437 1837 2491 Lacedaemonio-

104 2525 246 2583 rum,
271 2510 368 2584 qui
392 2515 515 2568 tum
540 2531 792 2569 summae
818 2514 1037 2586 imperii
1065 2519 1334 2586 praeerat,
1361 2514 1476 2566 fore
1503 2512 1836 2566 affirmabat

105 2602 270 2657 quem
307 2603 436 2644 eum
474 2589 658 2645 minus
701 2608 868 2661 quam
911 2590 1079 2644 vellet
1121 2594 1385 2659 moveret,
1426 2594 1594 2644 noctu
1630 2589 1695 2643 de
1730 2607 1836 2642 ser·
1871 2604 1897 2643 s

105 2661 189 2717 vis
228 2660 348 2718 suis
385 2680 550 2735 quem
589 2664 788 2721 habuit
829 2666 1214 2720 fidelissimum
1249 2666 1313 2719 ad
1352 2683 1537 2738 regem
1573 2665 1742 2734 misit,
1777 2669 1838 2718 ut

104 2737 156 2793 ei
196 2736 483 2796 nuntiaret
518 2740 635 2797 tuis
670 2741 869 2811 verbis,
910 2742 1254 2796 adversarios
1289 2742 1406 2795 eius
1441 2742 1496 2795 in
1531 2741 1663 2813 fuga
1695 2759 1836 2795 esse:

104 2812 202 2887 qui
233 2814 282 2870 si
314 2812 717 2889 diaconumt,
747 2818 957 2873 maiore
984 2836 1108 2873 cum
1145 2818 1333 2872 labore
1358 2822 1416 2871 et
1449 2817 1836 2899 longinquiore
1870 2830 1898 2870 4

103 2890 356 2962 tempore
397 2888 608 2946 bellum
646 2891 1046 2963 confecturum,
1086 2913 1211 2947 cum
1245 2893 1497 2965 singulos
1530 2890 1836 2947 consectari

102 2969 422 3041 cogeretur.
461 2982 604 3038 quos
627 2966 675 3022 si
701 2969 897 3024 statim
923 2969 1337 3043 aggrederetur,
1371 2969 1522 3023 brevi
1551 2969 1836 3023 universos
