2019 3310
203 146 272 200 86
693 142 815 187 XXI.
849 141 931 186 DE
964 139 1243 187 REGIBUS.
1294 147 1334 186 2.
1369 146 1396 185 3

137 270 172 323 2
347 267 433 322 Ex
487 266 848 320 Macedonum
904 268 1089 318 autem
1153 267 1316 335 gente
1375 263 1482 317 duo
1538 263 1715 317 multo
1772 264 1911 316 cete-

198 363 289 398 ros
331 344 742 396 antecesserunt
780 359 965 394 rerum
1012 343 1295 411 gestarum
1347 338 1548 410 gloria:
1603 337 1909 408 Philippus,

197 419 473 488 Amyntae
522 417 669 470 filius
679 460 692 486 ,
741 419 797 469 et
844 415 1154 468 Alexander
1193 413 1445 487 Magnus.
1521 413 1723 467 horum
1770 412 1910 466 alter

196 494 480 563 Babylone
521 492 714 545 morbo
756 494 1114 561 consumptus
1157 493 1263 560 est,
1315 489 1606 559 Philippus
1645 487 1838 560 Aegiis
1879 506 1908 540 a

197 568 492 637 Pausania,
541 586 666 621 cum
707 570 1016 637 spectatum
1054 566 1212 619 ludos
1253 566 1382 636 iret,
1433 565 1590 618 iuxta
1628 563 1907 618 theatrum

138 659 165 697 2
201 644 411 698 occisus
454 646 553 696 est.
612 660 752 696 unus
786 641 1061 712 EpiroteS,
1101 640 1364 711 Pyrrhus,
1406 640 1500 710 qui
1541 658 1666 699 cum
1704 638 1909 709 populo
2011 687 2015 690 .

198 719 448 773 Romano
489 717 732 772 bellavit.
794 718 841 771 is
883 736 1007 771 cum
1038 715 1221 788 Argos
1263 716 1526 786 oppidum
1565 716 1912 786 oppugnaret

197 795 257 848 in
295 793 675 864 Peloponneso
688 837 701 863 ,
748 793 927 863 lapide
974 792 1118 845 ictus
1167 791 1394 845 interiit.
1472 809 1614 845 unus
1654 790 1791 844 item
1833 786 1912 843 Si-

200 870 376 940 culuS,
426 868 726 939 Dionysius
767 868 933 938 prior.
1011 885 1141 919 nam
1181 870 1236 920 et
1277 885 1443 920 manu
1481 866 1643 920 fortis
1685 869 1741 919 et
1778 864 1912 918 belli

198 945 409 1016 peritus
450 944 558 997 fuit
598 947 667 1012 et,
706 943 762 996 id
803 942 949 1012 quod
988 942 1047 995 in
1086 945 1323 1011 tyranno
1362 960 1475 996 non
1513 941 1674 995 facile
1714 939 1913 1010 reperi-

199 1024 313 1089 tur,
362 1019 584 1072 minime
625 1018 976 1087 libidinosus,
1022 1035 1134 1070 non
1171 1016 1510 1087 luxuriosus,
1549 1034 1663 1070 non
1701 1034 1912 1085 avaruS,

198 1095 403 1149 nullius
453 1094 684 1163 denique
732 1093 812 1146 rei
861 1092 1088 1162 cupidus
1136 1092 1244 1145 nisi
1294 1092 1589 1164 singularis
1640 1090 1914 1161 perpetui·

201 1189 304 1241 que
352 1169 570 1239 imperii
619 1170 689 1222 ob
739 1187 967 1238 eamque
1015 1186 1132 1220 rem
1180 1167 1438 1221 crudelis:
1493 1185 1623 1221 nam
1677 1167 1807 1220 dum
1857 1166 1914 1219 id

203 1245 415 1299 studuit
455 1244 690 1314 munire,
729 1244 934 1298 nullius
975 1243 1222 1314 pepercit
1262 1243 1436 1313 vitae,
1478 1261 1641 1312 quem
1680 1242 1796 1296 eius
1836 1241 1915 1295 in-

141 1332 167 1372 8
203 1322 522 1374 sidiatorem
560 1323 798 1390 putaret.
875 1319 966 1372 hic
1006 1337 1131 1372 cum
1170 1318 1377 1372 virtute
1418 1317 1767 1388 tyrannidem
1808 1316 1915 1371 sibi

200 1396 518 1467 peperisset,
552 1413 752 1466 magna
778 1394 1010 1448 retinuit
1034 1393 1326 1448 felicitate:
1368 1393 1545 1447 maior
1570 1393 1717 1447 enim
1743 1410 1914 1446 annos

202 1472 488 1543 sexaginta
518 1474 680 1523 natus
715 1470 951 1523 decessit
991 1469 1222 1522 florente
1254 1487 1440 1540 regno.
1499 1487 1676 1539 neque
1708 1468 1768 1522 in
1799 1471 1917 1521 tam

202 1547 392 1601 multis
428 1547 582 1599 armis
618 1546 941 1615 cuiusquam
973 1564 1039 1598 ex
1072 1563 1171 1598 sua
1204 1545 1375 1614 stirpe
1408 1544 1572 1598 funus
1598 1543 1751 1614 vidit,
1792 1562 1914 1597 cum

202 1641 268 1676 ex
307 1622 485 1687 tribus
518 1622 780 1674 uxoribus
814 1621 1017 1674 liberos
1050 1623 1396 1690 procreasset
1421 1619 1692 1689 multique
1718 1619 1769 1671 ei
1796 1618 1914 1672 nati

204 1701 389 1752 essent
426 1700 670 1767 nepotes,

143 1773 177 1826 3
352 1771 599 1826 Fuerunt
653 1775 940 1842 praeterea
987 1771 1176 1842 magni
1230 1788 1388 1842 reges
1440 1789 1505 1824 ex
1552 1769 1743 1823 amicis
1792 1767 1916 1822 Ale·

203 1849 396 1902 xandri
428 1847 634 1918 Magni,
676 1848 769 1917 qui
809 1850 938 1916 post
978 1847 1194 1900 obitum
1227 1846 1342 1900 eius
1375 1846 1608 1916 imperia
1641 1848 1918 1915 ceperunt,

203 1926 262 1978 in
286 1924 364 1977 eis
389 1923 704 1993 Antigonus
731 1926 788 1975 et
810 1922 973 1975 huius
999 1922 1147 1975 filius
1172 1920 1506 1990 DemetriuS,
1538 1919 1919 1991 Lysimachus,

144 2012 172 2053 2
208 1998 489 2069 SeleucuS,
536 1997 904 2051 Ptolemaeus,
983 2017 1048 2051 cx
1093 1997 1179 2051 his
1220 1996 1536 2068 Antigonus
1585 1997 1644 2049 in
1691 1995 1919 2066 proelio,

206 2093 330 2130 cum
370 2074 629 2127 adversus
667 2072 953 2126 Seleucum
986 2077 1042 2125 et
1074 2072 1467 2143 Lysimachum
1499 2072 1800 2142 dimicaret,
1833 2089 1920 2124 oc-

206 2151 351 2205 cisus
378 2152 477 2203 est.
532 2149 651 2219 pari
678 2150 789 2202 leto
817 2148 1044 2202 affectus
1071 2152 1157 2202 est
1185 2147 1546 2218 Lysimachus
1572 2147 1641 2201 ab
1669 2145 1919 2201 Seleuco:

205 2244 442 2295 namque
482 2225 746 2278 societate
788 2224 1057 2277 dissoluta
1095 2224 1304 2277 bellum
1343 2224 1489 2277 inter
1520 2240 1578 2276 86
1614 2225 1920 2294 gesserunt.

147 2314 173 2354 8
209 2305 267 2355 at
317 2300 634 2354 Demetrius
648 2343 661 2370 ,
718 2317 840 2352 cum
895 2300 1067 2352 filiam
1126 2318 1282 2352 suam
1340 2297 1566 2352 Seleuco
1621 2297 1680 2350 in
1735 2297 1922 2350 matri-

210 2377 454 2430 monium
495 2375 734 2428 dedisset
772 2393 948 2444 neque
990 2393 1052 2428 eo
1094 2375 1271 2445 magis
1312 2374 1421 2427 fida
1472 2373 1616 2426 inter
1657 2391 1748 2427 eos
1791 2373 1922 2426 ami-

167 2483 170 2485 ·
212 2452 341 2504 citia
382 2469 601 2504 manere
641 2450 931 2520 potuisset,
971 2453 1164 2519 captus
1207 2449 1351 2502 bello
1392 2449 1451 2502 in
1484 2449 1735 2502 custodia
1768 2466 1923 2507 socer

151 2539 179 2579 4
212 2527 398 2598 generi
454 2526 619 2596 periit
675 2545 707 2578 a
754 2526 962 2579 morbo.
1048 2543 1223 2595 neque
1278 2525 1358 2576 ita
1415 2524 1591 2577 multo
1647 2527 1778 2594 post
1833 2521 1925 2578 Se-

211 2602 397 2654 leucus
425 2621 455 2653 a
480 2600 797 2654 Ptolemaeo
824 2599 1072 2655 Cerauno
1108 2600 1232 2653 dolo
1268 2598 1592 2653 interfectus
1626 2603 1727 2671 est,
1761 2617 1924 2669 quem

211 2676 305 2730 ille
363 2695 394 2729 a
448 2681 604 2746 patre
661 2677 948 2747 expulsum
996 2675 1342 2729 Alexandrea
1399 2675 1703 2728 alienarum
1759 2692 1925 2745 opum

212 2751 552 2824 indigentem
600 2755 896 2822 receperat.
974 2751 1092 2821 ipse
1143 2754 1328 2804 autem
1376 2750 1750 2819 PtolemanS,
1803 2767 1926 2803 cum

213 2827 369 2881 vivus
409 2826 523 2880 filio
565 2845 795 2898 regnum
836 2827 1171 2897 tradidisset,
1212 2827 1279 2879 ab
1321 2826 1417 2880 illo
1451 2826 1642 2881 eodem
1673 2825 1789 2879 vita
1820 2825 1927 2894 pri-

216 2906 377 2956 vatus
420 2902 634 2955 dicitur.

366 2976 449 3031 De
492 2977 689 3047 quibus
733 2977 992 3047 quoniam
1043 2978 1178 3030 satis
1229 2977 1438 3031 dictum
1486 2979 1768 3047 putamus,
1818 2993 1927 3029 non
