2164 3358
726 103 781 150 x.
818 104 984 151 moN.
1033 110 1077 150 «ι.
1113 111 1151 150 5.
1742 108 1815 162 39

0 269 10 291 ι
69 231 259 286 terant
307 227 532 298 Dionis,
589 229 647 284 in
694 248 864 284 naves
922 230 1192 301 imposuit
1241 230 1307 285 ad
1359 250 1595 301 eumque
1647 232 1817 286 misit.

0 299 6 380 ἶ
70 306 153 363 sie
191 305 340 361 enim
381 305 692 361 existimari
735 306 983 376 volebat,
1037 305 1090 360 id
1133 324 1191 360 se
1233 326 1344 362 non
1388 307 1513 361 odio
1555 307 1816 379 hominis,

0 386 9 451 Ξ
70 380 167 439 sed
223 400 356 438 suae
414 381 615 437 salutis
672 381 871 438 secisse
928 400 1109 437 causa.
1206 389 1402 454 postea
1460 403 1588 438 vero
1647 402 1815 455 quam
1850 400 1877 439 s

68 457 285 515 audivit
332 477 459 514 eum
509 459 564 514 in
608 457 997 530 Peloponneso
1048 478 1272 514 manum
1317 479 1642 531 comparare
1685 460 1814 515 sibi-

0 543 4 598 ξ
69 553 178 608 que
220 536 431 591 bellum
473 535 655 591 facere
689 535 896 605 conari,
928 534 1156 606 Areten,
1199 536 1396 591 Dionis
1432 556 1677 607 uxorem,
1720 537 1815 591 alii

68 615 310 684 nuptum
351 612 505 668 dedit
545 611 835 682 filiumque
878 612 998 666 eius
1041 613 1121 667 sic
1163 613 1384 667 educari
1420 614 1601 685 iussit,
1641 618 1706 668 ιιι
1738 614 1816 669 ιιι·

68 688 375 775 dulgendo
397 688 739 760 turpissimis
789 688 1136 743 imbueretur
1186 691 1604 761 cupiditatibus.
1685 709 1815 745 nam
1849 705 1877 745 4

68 783 243 839 puero
290 764 447 839 prius
497 783 664 837 quam
714 764 890 836 pubes
940 770 1090 820 esset
1147 771 1333 821 scorta
1383 767 1815 838 adducebantur,

69 844 200 900 vino
231 841 521 914 epulisque
555 841 915 912 obruebatur,
947 860 1127 913 neque
1163 843 1339 898 ullum
1374 847 1596 915 tempus
1624 845 1813 899 sobrio

68 918 503 990 relinquebatur.
567 918 616 972 is
650 937 825 990 usque
859 937 924 973 eo
960 919 1107 974 vitae
1149 924 1360 974 statum
1405 925 1812 975 commutatum
1848 937 1875 976 5

66 994 212 1051 ferre
257 1013 371 1051 non
418 995 629 1067 potuit,
685 1000 985 1066 postquam
1040 997 1096 1051 ιιι
1146 998 1387 1068 patriam
1439 997 1605 1051 rediit
1654 1002 1814 1069 pater

67 1070 333 1146 (namque
375 1071 621 1144 appositi
664 1076 825 1126 erant
866 1072 1152 1142 custodeS,
1194 1074 1288 1144 qui
1331 1093 1456 1128 eum
1499 1093 1531 1127 a
1573 1075 1811 1146 pristino

66 1150 220 1205 victu
269 1147 653 1221 deducerent),
709 1153 774 1203 ut
823 1167 881 1203 se
931 1149 997 1203 de
1047 1151 1332 1220 superiore
1382 1155 1540 1221 parte
1593 1151 1810 1205 aedium

65 1225 334 1282 deiecerit
373 1230 542 1297 atque
584 1226 665 1280 ita
707 1225 1001 1280 interierit.
1082 1227 1175 1280 sed
1219 1227 1352 1281 illuc
1394 1231 1659 1282 revertor.

221 1301 531 1374 Postquam
589 1300 924 1357 Corinthum
991 1304 1244 1373 pervenit
1302 1302 1449 1358 Dion
1507 1308 1564 1357 et
1620 1304 1811 1359 eodem
1846 1306 1882 1359 ὃ

68 1378 318 1453 perfugit
356 1378 682 1434 Heraclides
724 1379 793 1433 ab
837 1379 1029 1433 eodem
1072 1380 1334 1450 expulsus
1379 1379 1675 1451 Dionysio,
1718 1381 1810 1451 qui

67 1456 384 1529 praefectus
425 1455 611 1510 fuerat
651 1456 920 1526 equitum,
963 1457 1113 1510 omni
1158 1458 1373 1511 ratione
1416 1457 1625 1511 bellum
1669 1476 1812 1512 com·

66 1551 264 1605 parare
297 1536 615 1605 coeperunt.
679 1532 774 1586 sed
807 1551 918 1587 non
955 1533 1193 1587 multum
1238 1533 1622 1605 proficiebant,
1664 1533 1812 1605 quod
1846 1550 1872 1589 2

66 1610 374 1666 multorum
423 1627 696 1665 annorum
746 1610 1002 1680 tyrannis
1054 1628 1383 1681 magnarum
1433 1630 1601 1681 opum
1656 1615 1811 1682 puta-

65 1686 260 1742 batur:
299 1704 468 1758 quam
511 1687 582 1741 ob
625 1704 848 1740 causam
892 1687 1052 1757 pauci
1098 1686 1162 1740 ad
1208 1688 1535 1741 societatem
1579 1688 1809 1758 periculi

65 1763 526 1835 perducebantur.
602 1763 696 1817 sed
739 1761 903 1832 Dion,
943 1762 1121 1817 fretus
1162 1782 1272 1818 non
1317 1768 1434 1817 tam
1477 1765 1592 1818 suis
1636 1765 1810 1835 copiis
1847 1782 1872 1818 3

66 1858 236 1912 quam
284 1839 412 1896 odio
461 1840 711 1911 tyranni,
760 1840 1003 1894 maximo
1045 1841 1231 1894 animo
1274 1840 1489 1895 duabus
1541 1842 1810 1895 onerariis

66 1916 304 1973 navibus
356 1916 765 1990 quinquaginta
823 1935 1093 1971 annorum
1154 1917 1474 1989 imperium,
1533 1919 1808 1972 munitum

66 1993 390 2068 quingentis
430 1993 615 2067 longis
655 1993 908 2063 navibus,
950 1993 1138 2048 decem
1181 1995 1434 2064 equitum
1477 1999 1809 2065 centumque

63 2070 318 2143 peditum
359 2069 612 2140 milibus,
661 2069 945 2142 profectus
989 2075 1399 2155 oppugnatum,
1448 2071 1593 2142 quod
1639 2072 1809 2125 omni-

63 2146 171 2203 bus
218 2146 484 2221 gentibus
533 2146 861 2202 admirabile
911 2151 998 2201 est
1039 2148 1244 2217 visum,
1293 2147 1428 2202 adeo
1480 2148 1641 2201 facile
1692 2167 1808 2217 per·

65 2222 220 2296 uniit,
258 2228 324 2279 ut
363 2227 494 2296 post
533 2223 680 2279 diem
722 2224 982 2293 tertium,
1023 2242 1189 2294 quam
1230 2191 1480 2279 ’Siciliam
1525 2225 1808 2294 attigerat,

69 2294 373 2371 Syracusas
423 2300 719 2356 introierit.
801 2319 866 2355 ex
908 2268 1017 2371 qiio
1060 2300 1310 2374 intellegi
1363 2306 1551 2371 potest
1593 2300 1806 2355 nullum

67 2391 191 2431 ease
228 2375 524 2450 imperium
566 2381 751 2432 tutum
795 2378 903 2432 nisi
947 2378 1324 2432 benivolentia
1369 2377 1660 2430 munitum.
1740 2396 1805 2432 eo
1839 2392 1868 2431 4

67 2454 317 2524 tempore
364 2454 561 2509 aberat
601 2452 906 2524 Dionysius
956 2460 1014 2508 et
1061 2455 1116 2509 in
1160 2453 1326 2539 Italia
1368 2454 1600 2507 classem
1645 2472 1807 2524 oppe-

68 2526 319 2584 riebatur
364 2529 834 2602 adversariorum,
885 2535 1038 2585 ratus
1092 2532 1237 2585 nemi
1242 2550 1366 2584 nem
1419 2531 1536 2583 sine
1588 2531 1804 2602 magnis

66 2603 246 2676 copiis
293 2603 363 2661 ad
409 2624 469 2662 ee
507 2612 821 2663 venturum.
901 2626 1041 2679 quae
1084 2625 1170 2660 res
1213 2626 1336 2660 eum
1382 2605 1596 2660 fefellit.
1676 2625 1804 2661 nam
1840 2621 1867 2660 5

68 2678 214 2735 Dion
263 2680 333 2736 iis
380 2680 544 2768 ipsis,
595 2685 691 2756 qui
741 2684 844 2739 sub
895 2684 1192 2738 adversarii
1247 2682 1465 2736 fuerant
1508 2687 1805 2754 potestate,

64 2756 252 2831 regios
292 2756 527 2830 spiritus
566 2761 837 2833 repressit
878 2762 1166 2831 totiusque
1209 2760 1326 2812 eius
1370 2760 1546 2830 partis
1583 2757 1804 2814 Siciliae

62 2834 282 2906 potitus
323 2837 608 2906 0⁸12,un
647 2837 751 2892 sub
795 2835 1050 2908 Dionysii
1094 2836 1277 2889 fuerat
1318 2839 1623 2907 potestate,
1665 2836 1804 2906 pari—

0 2957 2 2962 .
64 2926 174 2982 que
229 2909 394 2965 modo
450 2910 606 2966 urbis
656 2909 1056 2983 Syracusarum
1117 2915 1338 2983 praeter
1390 2930 1572 2966 arcem
1623 2916 1678 2964 et
1729 2912 1803 2964 in·

0 3038 3 3042 ,
63 2985 246 3043 ‘ulam
302 2986 621 3043 adiunctam
678 2988 915 3060 oppido,
979 3007 1155 3059 eoque
1214 3007 1328 3042 rem
1387 2988 1674 3059 perduxit,
1742 2992 1802 3039 ut
1836 3002 1864 3039 ο

0 3201 76 3358 4.
