2164 3358
638 123 809 168 xviii.
843 121 1156 168 EUMENES.
1207 127 1370 167 9—11.
1807 126 1876 179 77

36 221 44 241 *x

36 310 53 324 .·
134 246 389 319 reddant,
429 251 493 302 ut
534 248 865 302 assimulata
906 251 1220 302 castrorum
1263 249 1662 303 consuetudine
1704 251 1878 321 suspi-
1911 265 1937 304 4

135 324 352 380 cionem
400 323 633 380 iniciant
681 324 965 394 hostibus,
1018 323 1088 378 iis
1138 324 1276 378 locis
1318 344 1440 379 esse
1483 329 1670 380 eastra
1710 345 1772 381 ac
1813 326 1878 381 de

134 419 328 456 eorum
369 400 610 456 adventu
652 419 773 456 esse
813 400 1296 472 praenuntiatum3
1348 402 1605 473 idemque
1652 406 1880 474 postera

132 480 298 533 nocte
331 475 557 532 faciant.
616 477 819 549 quibus
852 477 1189 547 imperatum
1224 481 1362 548 erat,
1395 479 1695 551 diligenter
1726 498 1879 551 prae·
1914 494 1939 532 5

134 557 359 625 ceptum
393 557 606 609 curant.
668 553 991 626 Antigonus
1027 554 1275 608 tenebris
1311 555 1527 609 obortis
1562 557 1720 628 ignes
1755 575 1879 611 con-

134 631 408 702 spicatur:
465 629 642 686 credit
689 629 756 684 de
806 648 907 684 suo
950 629 1192 684 adventu
1235 649 1356 686 esse
1398 632 1651 687 auditum
1693 636 1750 687 et
1791 633 1879 687 ad-

135 707 411 763 versarios
435 707 569 761 illuc
595 724 724 761 suas
750 706 1098 761 contraxisse
1125 707 1329 778 copias
1372 712 1555 762 mutat
1582 709 1878 764 consilium
1912 724 1938 764 6

134 788 214 856 et,
262 782 525 855 quoniam
572 782 955 854 imprudentes
1005 783 1212 838 adoriri
1259 803 1373 839 non
1428 790 1645 856 posset,
1700 786 1880 842 flectit

133 862 244 916 iter
283 878 445 915 suum
479 862 536 914 et
572 859 733 913 illum
767 858 1082 914 anfractum
1116 860 1430 934 longiorem
1465 863 1723 933 copiosae
1757 864 1878 918 viae

133 937 284 1009 capit
323 936 513 1008 ibique
554 935 701 991 diem
741 956 914 990 unum
948 937 1239 1007 opperitur
1273 938 1341 992 ad
1374 938 1766 995 lassitudinem
1800 959 1878 995 se-

133 1012 372 1070 dandam
411 1013 658 1068 militum
692 1031 755 1068 ac
789 1013 1086 1068 reficienda
1118 1014 1384 1087 iumenta,
1427 1034 1536 1087 quo
1571 1016 1878 1089 integriore

133 1090 383 1146 exercitu
423 1089 758 1145 decerneret.

287 1165 380 1222 Sic
411 1165 691 1224 Eumenes
733 1166 994 1221 callidum
1035 1167 1433 1239 imperatorem
1471 1170 1607 1224 vicit
1642 1171 1875 1225 consilio
1901 1171 1969 1224 10

133 1243 590 1314 celeritatemque
638 1243 931 1315 impedivit
980 1244 1121 1315 eiuS,
1169 1264 1348 1317 neque
1399 1250 1586 1301 tamen
1636 1247 1876 1302 multum

132 1319 386 1393 profecit.
465 1338 596 1375 nam
636 1320 845 1374 invidia
885 1320 1109 1392 ducum,
1152 1341 1277 1376 cum
1321 1323 1523 1393 quibus
1566 1329 1709 1394 erat,
1758 1343 1876 1395 per·
1911 1338 1937 1378 2

132 1397 374 1469 fidiaque
405 1395 773 1452 Macedonum
814 1400 1221 1469 veteranorum,
1263 1418 1388 1454 cum
1431 1400 1685 1471 superior
1721 1420 1876 1472 proe-

132 1473 210 1529 lio
251 1473 618 1544 discessisset,
672 1474 962 1546 Antigono
1004 1478 1090 1528 est
1131 1475 1375 1547 dedituS,
1433 1495 1558 1530 cum
1599 1478 1875 1532 exercitus

134 1551 185 1606 ei
224 1554 313 1605 ter
352 1554 483 1605 ante
524 1551 799 1621 separatis
841 1551 1190 1622 temporibus
1240 1553 1482 1607 iurasset
1523 1571 1581 1608 se
1623 1573 1748 1608 eum
1791 1554 1876 1609 de-

130 1626 419 1682 fensurum
458 1646 637 1699 neque
677 1646 945 1698 umquam
985 1628 1350 1684 deserturum.
1431 1629 1526 1684 sed
1567 1635 1727 1685 tanta
1767 1630 1876 1686 fuit

131 1703 529 1759 nonnullorum
576 1704 805 1758 virtutis
856 1705 1221 1777 obtrectatio,
1277 1710 1342 1761 ut
1390 1706 1556 1762 fidem
1614 1708 1874 1763 amittere

133 1779 367 1836 mallent
415 1799 583 1852 quam
631 1800 759 1836 eum
805 1800 920 1836 non
970 1782 1215 1853 perdere.
1297 1787 1465 1854 atque
1518 1783 1665 1838 hunc
1715 1784 1875 1839 Anti·
1908 1799 1933 1840 3

133 1874 337 1930 gonus,
385 1876 511 1913 cum
551 1857 603 1913 ei
643 1857 844 1913 fuisset
891 1857 1316 1929 infestissimus,
1366 1865 1776 1932 conservasset,
1827 1863 1874 1916 si

132 1952 234 2005 per
273 1951 404 1989 suos
444 1938 594 1990 esset
626 1934 860 2006 licitum,
903 1936 1049 2005 quod
1083 1936 1151 1989 ab
1186 1937 1340 1990 nullo
1375 1956 1433 1992 se
1466 1937 1595 2009 plus
1623 1938 1872 1993 adiuvari

131 2028 298 2082 posse
338 2009 705 2085 intellegebat
745 2012 804 2066 in
845 2012 925 2066 eis
967 2012 1157 2083 rebuS,
1207 2032 1344 2084 quas
1394 2014 1712 2085 impendere
1762 2016 1871 2069 iam

133 2087 442 2159 apparebat
482 2088 757 2143 omnibus.
810 2089 1181 2144 imminebant
1214 2090 1362 2144 enim
1398 2088 1676 2162 SeleucuS,
1718 2091 1873 2162 Lysi-

132 2164 380 2235 machus,
414 2162 786 2236 Ptolemaeus,
828 2166 1028 2236 opibus
1063 2166 1175 2220 iam
1208 2167 1475 2239 valenteS,
1509 2187 1634 2222 cum
1670 2168 1869 2238 quibus

132 2241 184 2296 ei
223 2240 290 2296 de
331 2242 564 2296 summis
605 2242 770 2296 rebus
813 2246 935 2297 erat
976 2243 1365 2299 dimicandum.
1433 2244 1527 2299 sed
1567 2263 1678 2298 non
1718 2245 1870 2315 passi
1904 2260 1931 2298 4

133 2320 265 2372 sunt
295 2317 336 2371 ii
370 2318 465 2389 qui
499 2319 647 2374 circa
680 2322 854 2389 erant,
896 2320 1042 2390 quod
1075 2320 1339 2375 videbant
1363 2320 1612 2375 Eumene
1646 2325 1869 2392 recepto

133 2410 325 2449 omnes
363 2413 497 2466 prae
537 2394 636 2450 illo
676 2395 835 2467 parvi
875 2395 1111 2450 futuros,
1176 2397 1295 2468 ipse
1329 2402 1515 2451 autem
1550 2397 1869 2468 Antigonus

134 2468 270 2524 adeo
319 2475 440 2526 erat
485 2471 768 2543 incensuS,
823 2476 887 2526 ut
934 2473 1042 2527 nisi
1094 2492 1298 2547 magna
1348 2493 1443 2545 spe
1502 2474 1870 2529 maximarum

134 2563 320 2600 rerum
359 2546 522 2602 leniri
561 2567 675 2604 non
714 2554 921 2621 posset.

284 2619 482 2694 Itaque
522 2643 649 2680 cum
689 2644 815 2680 eum
855 2626 914 2680 in
954 2627 1266 2682 custodiam
1315 2627 1560 2682 dedisset
1609 2631 1666 2682 et
1714 2646 1868 2699 prae·
1892 2630 1951 2682 11

132 2701 312 2753 iectus
354 2700 648 2756 custodum
690 2703 1024 2774 quaesisset,
1076 2723 1238 2774 quem
1282 2704 1349 2757 ad
1391 2704 1619 2758 modum
1661 2705 1869 2758 servari

130 2774 315 2844 vellet,
348 2773 432 2829 ‘ut
464 2778 813 2833 acerrimum’
840 2779 1026 2851 inquit
1059 2780 1295 2834 ‘leonem
1330 2784 1428 2834 aut
1460 2779 1868 2835 ferocissimum

133 2850 536 2923 elephantum’:
576 2854 821 2910 nondum
854 2857 1002 2911 em'm
1037 2860 1327 2926 statuerat,
1362 2862 1717 2912 conservaret
1743 2876 1867 2910 eum

128 2945 318 2984 necne.
382 2928 640 2983 veniebat
681 2935 867 2986 autem
909 2933 976 2987 ad
1010 2931 1317 2987 Eumenem
1359 2937 1658 3005 utrumque
1692 2951 1866 3005 genus
1900 2948 1926 2984 2

128 3001 433 3076 hominum,
474 3008 529 3059 et
565 3004 658 3076 qui
692 3010 922 3079 propter
955 3009 1142 3063 odium
1177 3009 1421 3064 fructum
1448 3011 1622 3065 oculis
1651 3029 1714 3063 ex
1749 3009 1864 3062 eius
