2019 3310
175 66 245 119 88
680 65 825 111 xxu.
858 64 1194 111 HAMILCAR.
1242 71 1373 113 2-4.

175 208 279 259 que
328 189 690 243 diuturnitate
740 188 949 242 externi
998 188 1130 241 mali
1170 192 1388 242 tantum
1428 190 1633 243 exarsit
1670 190 1883 244 intesti-

171 283 304 317 num
344 264 566 334 bellum,
605 268 669 317 ut
699 282 1000 332 numquam
1031 265 1091 316 in
1121 264 1242 333 pari
1273 264 1516 333 periculo
1547 264 1715 319 fuerit
1746 264 1882 319 Kar-

116 352 141 392 2
174 338 344 410 thago
385 339 494 392 nisi
535 358 659 392 cum
692 339 871 392 deleta
903 342 1000 392 est.
1056 339 1235 408 primo
1270 339 1629 392 mercennarii
1660 341 1881 411 milites,

174 414 371 483 quibus
406 415 663 466 adversus
698 413 977 467 Romanos
1011 414 1097 466 usi
1130 417 1301 484 erant,
1342 414 1710 484 desciverunt,
1751 434 1880 486 quo-

172 507 294 541 rum
333 507 590 542 numerus
633 492 751 542 erat
791 488 991 560 viginti
1031 489 1258 542 milium.
1322 489 1362 541 ii
1395 492 1572 543 totam
1613 490 1881 544 abaliena-

112 578 138 616 3
171 568 301 616 runt
325 563 587 633 Africam,
612 564 790 633 ipsam
811 563 1213 635 Karthaginem
1240 569 1641 636 oppugnarunt.
1682 566 1880 635 quibus

172 638 330 691 malis
373 639 506 692 adeo
549 643 677 692 sunt
717 639 885 692 Poeni
924 640 1219 709 perterriti,
1259 643 1323 692 ut
1362 640 1530 694 etiam
1570 640 1772 693 auxilia
1812 642 1879 695 ab

170 712 435 767 Romanis
476 714 761 784 petierint3
817 732 985 783 eaque
1027 715 1408 784 impetrarunt.
1487 716 1581 769 sed
1620 719 1880 787 extreme,

171 806 295 841 cum
334 807 503 858 prope
538 790 647 842 iam
681 790 748 842 ad
781 790 1218 858 desperationem
1249 791 1641 861 pervenissent,
1671 790 1881 844 Hamil-

109 877 137 915 4
172 881 352 916 earem
392 864 781 934 imperatorem
821 864 1082 918 fecerunt.
1159 865 1207 918 is
1246 884 1358 919 non
1397 866 1576 920 solum
1615 866 1805 920 hostes
1847 885 1880 920 a

170 940 341 992 muris
369 937 730 1010 Karthaginis
764 940 1014 1009 removit,
1047 958 1170 993 cum
1204 940 1439 1010 amplius
1473 945 1693 995 centum
1727 942 1881 995 milia

168 1013 316 1067 facta
364 1018 547 1067 essent
597 1018 958 1084 armatorum,
1012 1015 1105 1068 sed
1154 1015 1322 1068 etiam
1363 1033 1426 1069 eo
1480 1017 1769 1087 compulit,
1816 1021 1879 1071 ut

166 1088 416 1142 locorum
465 1090 735 1161 angustiis
785 1090 957 1143 clausi
1004 1091 1188 1159 plures
1227 1089 1372 1144 fame
1413 1109 1578 1161 quam
1616 1091 1761 1146 ferro
1802 1093 1879 1146 in-

168 1165 413 1217 terirent.
479 1166 661 1218 omnia
695 1166 896 1235 oppida
921 1165 1245 1235 abalienata,
1279 1166 1336 1218 in
1361 1165 1439 1220 eis
1464 1165 1687 1221 Uticam
1713 1171 1878 1237 atque

167 1237 504 1309 Hipponem,
552 1241 929 1294 valentissima
977 1241 1151 1294 totius
1200 1240 1444 1312 Africae,
1495 1242 1743 1296 restituit
1788 1261 1879 1312 pa-

108 1328 133 1368 5
168 1314 320 1367 triae.
372 1334 547 1384 neque
582 1334 643 1369 eo
678 1315 785 1368 fuit
819 1320 1125 1385 contentUS,
1166 1317 1260 1370 sed
1292 1317 1460 1369 etiam
1492 1317 1627 1371 fines
1659 1318 1880 1388 imperii

165 1391 525 1461 propagavit,
581 1394 702 1444 tota
750 1391 941 1445 Africa
995 1396 1214 1445 tantum
1271 1393 1445 1446 otium
1500 1393 1761 1463 reddidit,
1815 1398 1879 1447 ut

165 1465 379 1519 nullum
420 1466 478 1518 in
517 1484 581 1518 ea
619 1467 826 1519 bellum
867 1467 1142 1520 videretur
1182 1467 1371 1520 multis
1413 1468 1569 1521 annis
1609 1467 1794 1522 fuisse.

104 1540 140 1594 3
318 1540 503 1593 Rebus
559 1541 645 1594 his
703 1560 766 1594 ex
822 1543 1096 1595 sententia
1152 1542 1390 1611 peractis
1447 1543 1638 1596 fidenti
1693 1544 1876 1598 animo

167 1620 332 1685 atque
381 1615 583 1668 infesto
625 1616 914 1687 Romanis,
962 1636 1069 1686 quo
1118 1617 1333 1671 facilius
1375 1636 1596 1671 causam
1636 1619 1877 1672 bellandi

166 1692 447 1761 reperiret,
488 1691 668 1745 effecit
700 1696 762 1745 ut
801 1693 1102 1762 imperator
1142 1712 1266 1746 cum
1306 1694 1546 1747 exercitu
1586 1693 1643 1747 in
1682 1693 1877 1764 Hispa-

166 1767 314 1819 niam
341 1767 670 1837 mitteretur,
711 1785 882 1836 eoque
909 1786 1092 1821 secum
1125 1769 1280 1821 duxit
1308 1768 1484 1822 filium
1508 1767 1877 1822 Hannibalem

106 1854 133 1894 2
168 1861 436 1895 annorum
482 1861 694 1895 novem.
775 1846 893 1896 erat
939 1847 1225 1913 praeterea
1272 1862 1395 1897 cum
1443 1862 1506 1898 eo
1560 1844 1876 1898 adulescens

167 1917 425 1985 illustriS,
473 1917 773 1988 formosuS,
821 1917 1158 1988 Hasdrubal,
1211 1937 1372 1988 quem
1418 1920 1669 1973 nonnulli
1720 1920 1878 1992 diligi

166 1993 406 2062 turpiuS,
464 2011 628 2062 quam
679 2012 778 2062 par
826 1998 966 2063 erat,
1022 1995 1090 2047 ab
1140 1993 1453 2048 Hamilcare
1508 1995 1878 2064 loquebantur

168 2066 301 2138 (non
344 2068 488 2121 enim
530 2068 781 2122 maledici
823 2073 979 2122 tanto
1021 2070 1138 2123 viro
1181 2070 1367 2123 deesse
1407 2068 1703 2141 poterant).
1767 2088 1874 2140 quo

166 2143 375 2196 factum
417 2147 502 2196 est
541 2147 604 2196 ut
644 2162 676 2196 a
715 2144 991 2213 praefecto
1035 2164 1248 2199 morum
1289 2145 1602 2199 Hasdrubal
1647 2163 1770 2199 cum
1811 2163 1874 2199 eo

166 2222 447 2271 vetaretur
488 2237 621 2271 esse.
677 2219 804 2272 huic
844 2219 936 2273 ille
979 2220 1151 2273 filiam
1184 2239 1340 2274 suam
1371 2221 1430 2274 in
1462 2219 1875 2274 matrimonium

167 2294 338 2363 dedit,
391 2295 536 2362 quod
578 2294 823 2347 moribus
866 2312 1053 2348 eorum
1093 2314 1204 2349 non
1242 2300 1464 2366 poterat
1501 2295 1752 2349 interdici
1795 2314 1878 2350 so-

107 2381 132 2420 3
169 2388 290 2421 cero
333 2386 550 2440 genero,
629 2370 692 2422 de
734 2369 837 2423 hoc
878 2370 998 2423 ideo
1042 2371 1378 2424 mentionem
1428 2370 1680 2441 fecimuS,
1731 2371 1878 2441 quod

168 2444 480 2497 Hamilcare
516 2445 695 2497 occiso
730 2445 821 2497 ille
857 2446 1118 2499 exercitui
1151 2445 1390 2515 praefuit
1424 2463 1615 2515 resque
1650 2463 1876 2517 magnas

169 2520 342 2589 gessit
382 2523 437 2571 et
477 2520 731 2590 princeps
773 2520 1065 2591 largitione
1108 2524 1357 2574 vetustos
1398 2522 1666 2591 pervertit
1697 2540 1876 2575 mores

168 2593 716 2665 Karthaginiensium
758 2595 1106 2664 eiusdemque
1153 2599 1283 2665 post
1323 2600 1558 2649 mortem
1598 2595 1877 2650 Hannibal

169 2669 237 2722 ab
280 2670 521 2722 exercitu
563 2670 775 2739 accepit
815 2671 1119 2740 imperium.

107 2744 143 2797 4
318 2744 396 2796 At
443 2743 747 2815 Hamilcar,
794 2750 1156 2815 posteaquam
1205 2765 1353 2799 mare
1403 2746 1626 2801 transiit
1679 2747 1737 2801 in
1782 2745 1879 2801 Hi-

170 2819 524 2889 spaniamque
567 2821 730 2890 venit,
771 2838 998 2892 magnas
1034 2839 1118 2873 res
1154 2822 1389 2875 secunda
1423 2822 1598 2893 gessit
1629 2821 1878 2877 fortuna:

170 2895 433 2948 maximas
454 2895 1010 2967 bellicosissimasque
1029 2900 1220 2967 gentes
1241 2897 1477 2969 subegit,
1501 2897 1672 2968 equis,
1696 2897 1880 2968 armis,
