<?xml version="1.0" encoding="UTF-8"?>
<!DOCTYPE html PUBLIC "-//W3C//DTD XHTML 1.0 Transitional//EN"
    "http://www.w3.org/TR/xhtml1/DTD/xhtml1-transitional.dtd">
<html xmlns="http://www.w3.org/1999/xhtml" xml:lang="en" lang="en">
 <head>
  <title>
</title>
<meta http-equiv="Content-Type" content="text/html;charset=utf-8" />
  <meta name='ocr-system' content='tesseract 3.04.00' />
  <meta name='ocr-capabilities' content='ocr_page ocr_carea ocr_par ocr_line ocrx_word'/>
</head>
<body>
  <div class='ocr_page' id='page_1' title='image "./vitaenep00nepouoft_0118.png"; bbox 0 0 2019 3310; ppageno 0'>
   <div class='ocr_carea' id='block_1_1' title="bbox 165 126 1364 186">
    <p class='ocr_par' dir='ltr' id='par_1_1' title="bbox 165 126 1364 186">
     <span class='ocr_line' id='line_1_1' title="bbox 165 126 1364 186; baseline -0.008 -6"><span class='ocrx_word' id='word_1_1' title='bbox 165 132 272 186; x_wconf 84' lang='lat'>106</span> <span class='ocrx_word' id='word_1_2' title='bbox 684 127 827 173; x_wconf 74' lang='lat' dir='ltr'>XXV.</span> <span class='ocrx_word' id='word_1_3' title='bbox 860 126 1137 174; x_wconf 81' lang='lat' dir='ltr'>ATTICUS.</span> <span class='ocrx_word' id='word_1_4' title='bbox 1189 131 1258 172; x_wconf 89' lang='lat'>10.</span> <span class='ocrx_word' id='word_1_5' title='bbox 1295 131 1364 171; x_wconf 89' lang='lat'>11.</span> 
     </span>
    </p>
   </div>
   <div class='ocr_carea' id='block_1_2' title="bbox 77 248 1897 3048">
    <p class='ocr_par' dir='ltr' id='par_1_2' title="bbox 161 248 1880 325">
     <span class='ocr_line' id='line_1_2' title="bbox 161 248 1880 325; baseline -0.004 -15"><span class='ocrx_word' id='word_1_6' title='bbox 161 259 257 310; x_wconf 90' lang='lat' dir='ltr'>aut</span> <span class='ocrx_word' id='word_1_7' title='bbox 295 251 588 325; x_wconf 75' lang='lat' dir='ltr'>periculo),</span> <span class='ocrx_word' id='word_1_8' title='bbox 639 251 991 320; x_wconf 73' lang='lat' dir='ltr'>habebatque</span> <span class='ocrx_word' id='word_1_9' title='bbox 1033 269 1219 304; x_wconf 91' lang='lat' dir='ltr'>secum</span> <span class='ocrx_word' id='word_1_10' title='bbox 1261 249 1324 314; x_wconf 81' lang='lat' dir='ltr'>Q.</span> <span class='ocrx_word' id='word_1_11' title='bbox 1367 248 1610 304; x_wconf 83' lang='lat' dir='ltr'>Gellium</span> <span class='ocrx_word' id='word_1_12' title='bbox 1649 248 1880 321; x_wconf 82' lang='lat' dir='ltr'>Canum,</span> 
     </span>
    </p>

    <p class='ocr_par' dir='ltr' id='par_1_3' title="bbox 100 325 1881 554">
     <span class='ocr_line' id='line_1_3' title="bbox 100 325 1881 401; baseline -0.004 -14"><span class='ocrx_word' id='word_1_13' title='bbox 100 347 125 387; x_wconf 85' lang='lat'><strong>3</strong></span> <span class='ocrx_word' id='word_1_14' title='bbox 161 331 444 401; x_wconf 82' lang='lat' dir='ltr'>aequalem</span> <span class='ocrx_word' id='word_1_15' title='bbox 485 327 937 396; x_wconf 90' lang='lat' dir='ltr'>simillimumque</span> <span class='ocrx_word' id='word_1_16' title='bbox 979 327 1078 379; x_wconf 90' lang='lat' dir='ltr'>sui.</span> <span class='ocrx_word' id='word_1_17' title='bbox 1155 326 1261 380; x_wconf 88' lang='lat' dir='ltr'>hoc</span> <span class='ocrx_word' id='word_1_18' title='bbox 1303 343 1520 396; x_wconf 91' lang='lat' dir='ltr'>quoque</span> <span class='ocrx_word' id='word_1_19' title='bbox 1562 325 1742 380; x_wconf 86' lang='lat' dir='ltr'>Attici</span> <span class='ocrx_word' id='word_1_20' title='bbox 1785 327 1881 379; x_wconf 91' lang='lat' dir='ltr'>bo·</span> 
     </span>
     <span class='ocr_line' id='line_1_4' title="bbox 159 401 1878 473; baseline -0.004 -12"><span class='ocrx_word' id='word_1_21' title='bbox 159 407 355 461; x_wconf 87' lang='lat' dir='ltr'>nitatis</span> <span class='ocrx_word' id='word_1_22' title='bbox 390 404 714 473; x_wconf 89' lang='lat' dir='ltr'>exemplum,</span> <span class='ocrx_word' id='word_1_23' title='bbox 748 402 894 471; x_wconf 90' lang='lat' dir='ltr'>quod</span> <span class='ocrx_word' id='word_1_24' title='bbox 928 420 1051 455; x_wconf 88' lang='lat' dir='ltr'>cum</span> <span class='ocrx_word' id='word_1_25' title='bbox 1085 420 1164 472; x_wconf 89' lang='lat' dir='ltr'>e0,</span> <span class='ocrx_word' id='word_1_26' title='bbox 1199 419 1362 471; x_wconf 92' lang='lat' dir='ltr'>quem</span> <span class='ocrx_word' id='word_1_27' title='bbox 1393 419 1627 471; x_wconf 89' lang='lat' dir='ltr'>puerum</span> <span class='ocrx_word' id='word_1_28' title='bbox 1658 401 1719 454; x_wconf 88' lang='lat' dir='ltr'>in</span> <span class='ocrx_word' id='word_1_29' title='bbox 1748 402 1878 455; x_wconf 90' lang='lat' dir='ltr'>ludo</span> 
     </span>
     <span class='ocr_line' id='line_1_5' title="bbox 159 477 1880 554; baseline -0.004 -17"><span class='ocrx_word' id='word_1_30' title='bbox 159 485 443 554; x_wconf 82' lang='lat' dir='ltr'>cognorat,</span> <span class='ocrx_word' id='word_1_31' title='bbox 485 479 617 532; x_wconf 90' lang='lat' dir='ltr'>adeo</span> <span class='ocrx_word' id='word_1_32' title='bbox 661 477 950 531; x_wconf 91' lang='lat' dir='ltr'>coniuncte</span> <span class='ocrx_word' id='word_1_33' title='bbox 990 477 1145 547; x_wconf 81' lang='lat' dir='ltr'>vixit,</span> <span class='ocrx_word' id='word_1_34' title='bbox 1185 480 1248 530; x_wconf 90' lang='lat' dir='ltr'>ut</span> <span class='ocrx_word' id='word_1_35' title='bbox 1288 477 1357 530; x_wconf 88' lang='lat' dir='ltr'>ad</span> <span class='ocrx_word' id='word_1_36' title='bbox 1398 480 1703 530; x_wconf 79' lang='lat' dir='ltr'>extremam</span> <span class='ocrx_word' id='word_1_37' title='bbox 1735 481 1880 531; x_wconf 88' lang='lat' dir='ltr'>aeta-</span> 
     </span>
    </p>

    <p class='ocr_par' dir='ltr' id='par_1_4' title="bbox 100 552 1884 1153">
     <span class='ocr_line' id='line_1_6' title="bbox 100 552 1881 623; baseline -0.003 -10"><span class='ocrx_word' id='word_1_38' title='bbox 100 574 128 613; x_wconf 80' lang='grc'>4</span> <span class='ocrx_word' id='word_1_39' title='bbox 162 562 274 612; x_wconf 88' lang='lat' dir='ltr'>tem</span> <span class='ocrx_word' id='word_1_40' title='bbox 323 555 568 609; x_wconf 88' lang='lat' dir='ltr'>amicitia</span> <span class='ocrx_word' id='word_1_41' title='bbox 617 572 807 607; x_wconf 91' lang='lat' dir='ltr'>eorum</span> <span class='ocrx_word' id='word_1_42' title='bbox 857 553 1103 606; x_wconf 86' lang='lat' dir='ltr'>creverit.</span> <span class='ocrx_word' id='word_1_43' title='bbox 1181 552 1461 606; x_wconf 85' lang='lat' dir='ltr'>Antonius</span> <span class='ocrx_word' id='word_1_44' title='bbox 1512 555 1721 623; x_wconf 91' lang='lat' dir='ltr'>autem,</span> <span class='ocrx_word' id='word_1_45' title='bbox 1774 553 1881 607; x_wconf 90' lang='lat' dir='ltr'>etsi</span> 
     </span>
     <span class='ocr_line' id='line_1_7' title="bbox 161 627 1882 700; baseline -0.003 -13"><span class='ocrx_word' id='word_1_46' title='bbox 161 637 317 687; x_wconf 88' lang='lat' dir='ltr'>tanto</span> <span class='ocrx_word' id='word_1_47' title='bbox 361 631 484 685; x_wconf 89' lang='lat' dir='ltr'>odio</span> <span class='ocrx_word' id='word_1_48' title='bbox 525 629 809 683; x_wconf 85' lang='lat' dir='ltr'>ferebatur</span> <span class='ocrx_word' id='word_1_49' title='bbox 848 628 907 681; x_wconf 85' lang='lat' dir='ltr'>in</span> <span class='ocrx_word' id='word_1_50' title='bbox 947 627 1289 698; x_wconf 77' lang='lat' dir='ltr'>Ciceronem,</span> <span class='ocrx_word' id='word_1_51' title='bbox 1340 632 1404 682; x_wconf 90' lang='lat' dir='ltr'>ut</span> <span class='ocrx_word' id='word_1_52' title='bbox 1443 647 1556 682; x_wconf 93' lang='lat' dir='ltr'>non</span> <span class='ocrx_word' id='word_1_53' title='bbox 1595 628 1777 682; x_wconf 89' lang='lat' dir='ltr'>solum</span> <span class='ocrx_word' id='word_1_54' title='bbox 1816 629 1882 700; x_wconf 91' lang='lat' dir='ltr'>ei,</span> 
     </span>
     <span class='ocr_line' id='line_1_8' title="bbox 161 703 1882 774; baseline -0.003 -11"><span class='ocrx_word' id='word_1_55' title='bbox 161 710 255 763; x_wconf 91' lang='lat' dir='ltr'>sed</span> <span class='ocrx_word' id='word_1_56' title='bbox 297 707 466 762; x_wconf 90' lang='lat' dir='ltr'>etiam</span> <span class='ocrx_word' id='word_1_57' title='bbox 507 705 762 760; x_wconf 90' lang='lat' dir='ltr'>omnibus</span> <span class='ocrx_word' id='word_1_58' title='bbox 806 704 921 758; x_wconf 91' lang='lat' dir='ltr'>eius</span> <span class='ocrx_word' id='word_1_59' title='bbox 964 704 1154 757; x_wconf 92' lang='lat' dir='ltr'>amicis</span> <span class='ocrx_word' id='word_1_60' title='bbox 1197 707 1345 758; x_wconf 91' lang='lat' dir='ltr'>esset</span> <span class='ocrx_word' id='word_1_61' title='bbox 1383 703 1640 758; x_wconf 84' lang='lat' dir='ltr'>inimicus</span> <span class='ocrx_word' id='word_1_62' title='bbox 1678 722 1882 774; x_wconf 90' lang='lat' dir='ltr'>eosque</span> 
     </span>
     <span class='ocr_line' id='line_1_9' title="bbox 159 778 1881 853; baseline -0.003 -15"><span class='ocrx_word' id='word_1_63' title='bbox 159 784 325 839; x_wconf 81' lang='lat' dir='ltr'>vellet</span> <span class='ocrx_word' id='word_1_64' title='bbox 380 782 724 853; x_wconf 80' lang='lat' dir='ltr'>proscribere</span> <span class='ocrx_word' id='word_1_65' title='bbox 776 780 967 834; x_wconf 87' lang='lat' dir='ltr'>multis</span> <span class='ocrx_word' id='word_1_66' title='bbox 1023 780 1407 851; x_wconf 73' lang='lat' dir='ltr'>hortantibus,</span> <span class='ocrx_word' id='word_1_67' title='bbox 1463 784 1652 834; x_wconf 92' lang='lat' dir='ltr'>tamen</span> <span class='ocrx_word' id='word_1_68' title='bbox 1701 778 1881 834; x_wconf 90' lang='lat' dir='ltr'>Attici</span> 
     </span>
     <span class='ocr_line' id='line_1_10' title="bbox 161 855 1884 927; baseline -0.003 -13"><span class='ocrx_word' id='word_1_69' title='bbox 161 878 371 914; x_wconf 92' lang='lat' dir='ltr'>memor</span> <span class='ocrx_word' id='word_1_70' title='bbox 401 858 511 912; x_wconf 87' lang='lat' dir='ltr'>fuit</span> <span class='ocrx_word' id='word_1_71' title='bbox 544 857 713 910; x_wconf 83' lang='lat' dir='ltr'>officii</span> <span class='ocrx_word' id='word_1_72' title='bbox 739 860 794 909; x_wconf 93' lang='lat' dir='ltr'>et</span> <span class='ocrx_word' id='word_1_73' title='bbox 827 856 891 925; x_wconf 91' lang='lat' dir='ltr'>ei,</span> <span class='ocrx_word' id='word_1_74' title='bbox 933 874 1058 909; x_wconf 90' lang='lat' dir='ltr'>cum</span> <span class='ocrx_word' id='word_1_75' title='bbox 1089 855 1430 927; x_wconf 84' lang='lat' dir='ltr'>requisisset,</span> <span class='ocrx_word' id='word_1_76' title='bbox 1469 856 1696 910; x_wconf 81' lang='lat' dir='ltr'>ubinam</span> <span class='ocrx_word' id='word_1_77' title='bbox 1721 859 1884 926; x_wconf 90' lang='lat' dir='ltr'>esset,</span> 
     </span>
     <span class='ocr_line' id='line_1_11' title="bbox 162 930 1882 1003; baseline -0.003 -13"><span class='ocrx_word' id='word_1_78' title='bbox 162 955 260 990; x_wconf 90' lang='lat' dir='ltr'>sua</span> <span class='ocrx_word' id='word_1_79' title='bbox 292 953 459 988; x_wconf 91' lang='lat' dir='ltr'>manu</span> <span class='ocrx_word' id='word_1_80' title='bbox 492 932 729 1003; x_wconf 88' lang='lat' dir='ltr'>scripsit,</span> <span class='ocrx_word' id='word_1_81' title='bbox 761 950 829 984; x_wconf 92' lang='lat' dir='ltr'>ne</span> <span class='ocrx_word' id='word_1_82' title='bbox 863 930 1087 984; x_wconf 89' lang='lat' dir='ltr'>timeret</span> <span class='ocrx_word' id='word_1_83' title='bbox 1120 931 1423 1001; x_wconf 87' lang='lat' dir='ltr'>statimque</span> <span class='ocrx_word' id='word_1_84' title='bbox 1457 931 1526 985; x_wconf 86' lang='lat' dir='ltr'>ad</span> <span class='ocrx_word' id='word_1_85' title='bbox 1559 950 1617 985; x_wconf 92' lang='lat' dir='ltr'>se</span> <span class='ocrx_word' id='word_1_86' title='bbox 1641 932 1882 986; x_wconf 82' lang='lat' dir='ltr'>veniret:</span> 
     </span>
     <span class='ocr_line' id='line_1_12' title="bbox 162 1005 1881 1076; baseline -0.002 -11"><span class='ocrx_word' id='word_1_87' title='bbox 162 1031 218 1065; x_wconf 92' lang='lat' dir='ltr'>se</span> <span class='ocrx_word' id='word_1_88' title='bbox 256 1029 381 1064; x_wconf 90' lang='lat' dir='ltr'>eum</span> <span class='ocrx_word' id='word_1_89' title='bbox 414 1013 471 1063; x_wconf 95' lang='lat' dir='ltr'>et</span> <span class='ocrx_word' id='word_1_90' title='bbox 504 1009 619 1062; x_wconf 92' lang='lat' dir='ltr'>eius</span> <span class='ocrx_word' id='word_1_91' title='bbox 655 1025 818 1061; x_wconf 87' lang='lat' dir='ltr'>causa</span> <span class='ocrx_word' id='word_1_92' title='bbox 845 1005 1057 1061; x_wconf 82' lang='lat' dir='ltr'>Canum</span> <span class='ocrx_word' id='word_1_93' title='bbox 1090 1006 1154 1059; x_wconf 90' lang='lat' dir='ltr'>de</span> <span class='ocrx_word' id='word_1_94' title='bbox 1187 1007 1630 1076; x_wconf 80' lang='lat' dir='ltr'>proscriptorum</span> <span class='ocrx_word' id='word_1_95' title='bbox 1652 1025 1881 1062; x_wconf 88' lang='lat' dir='ltr'>numero</span> 
     </span>
     <span class='ocr_line' id='line_1_13' title="bbox 161 1081 1884 1153; baseline -0.002 -12"><span class='ocrx_word' id='word_1_96' title='bbox 161 1087 440 1141; x_wconf 84' lang='lat' dir='ltr'>exemisse.</span> <span class='ocrx_word' id='word_1_97' title='bbox 499 1103 561 1137; x_wconf 93' lang='lat' dir='ltr'>ac</span> <span class='ocrx_word' id='word_1_98' title='bbox 593 1102 661 1136; x_wconf 93' lang='lat' dir='ltr'>ne</span> <span class='ocrx_word' id='word_1_99' title='bbox 696 1082 842 1153; x_wconf 89' lang='lat' dir='ltr'>quod</span> <span class='ocrx_word' id='word_1_100' title='bbox 872 1081 1180 1152; x_wconf 86' lang='lat' dir='ltr'>periculum</span> <span class='ocrx_word' id='word_1_101' title='bbox 1212 1082 1495 1153; x_wconf 86' lang='lat' dir='ltr'>incideret,</span> <span class='ocrx_word' id='word_1_102' title='bbox 1537 1083 1684 1153; x_wconf 90' lang='lat' dir='ltr'>quod</span> <span class='ocrx_word' id='word_1_103' title='bbox 1714 1087 1884 1137; x_wconf 91' lang='lat' dir='ltr'>noctu</span> 
     </span>
    </p>

    <p class='ocr_par' dir='ltr' id='par_1_5' title="bbox 102 1157 1886 1535">
     <span class='ocr_line' id='line_1_14' title="bbox 102 1157 1883 1231; baseline -0.003 -13"><span class='ocrx_word' id='word_1_104' title='bbox 102 1180 127 1219; x_wconf 80' lang='lat'>5</span> <span class='ocrx_word' id='word_1_105' title='bbox 160 1163 354 1231; x_wconf 85' lang='lat' dir='ltr'>fiebat,</span> <span class='ocrx_word' id='word_1_106' title='bbox 410 1159 748 1231; x_wconf 83' lang='lat' dir='ltr'>praesidium</span> <span class='ocrx_word' id='word_1_107' title='bbox 797 1158 846 1212; x_wconf 93' lang='lat' dir='ltr'>ei</span> <span class='ocrx_word' id='word_1_108' title='bbox 895 1158 1063 1210; x_wconf 90' lang='lat' dir='ltr'>misit.</span> <span class='ocrx_word' id='word_1_109' title='bbox 1145 1157 1222 1211; x_wconf 91' lang='lat' dir='ltr'>sic</span> <span class='ocrx_word' id='word_1_110' title='bbox 1270 1157 1496 1212; x_wconf 85' lang='lat' dir='ltr'>Atticus</span> <span class='ocrx_word' id='word_1_111' title='bbox 1552 1158 1612 1211; x_wconf 93' lang='lat' dir='ltr'>in</span> <span class='ocrx_word' id='word_1_112' title='bbox 1667 1177 1883 1212; x_wconf 88' lang='lat' dir='ltr'>summo</span> 
     </span>
     <span class='ocr_line' id='line_1_15' title="bbox 161 1233 1886 1304; baseline -0.002 -12"><span class='ocrx_word' id='word_1_113' title='bbox 161 1240 360 1292; x_wconf 88' lang='lat' dir='ltr'>timore</span> <span class='ocrx_word' id='word_1_114' title='bbox 407 1255 520 1290; x_wconf 92' lang='lat' dir='ltr'>non</span> <span class='ocrx_word' id='word_1_115' title='bbox 568 1235 748 1289; x_wconf 92' lang='lat' dir='ltr'>solum</span> <span class='ocrx_word' id='word_1_116' title='bbox 797 1234 927 1304; x_wconf 91' lang='lat' dir='ltr'>sibi,</span> <span class='ocrx_word' id='word_1_117' title='bbox 981 1233 1076 1287; x_wconf 91' lang='lat' dir='ltr'>sed</span> <span class='ocrx_word' id='word_1_118' title='bbox 1125 1233 1294 1287; x_wconf 90' lang='lat' dir='ltr'>etiam</span> <span class='ocrx_word' id='word_1_119' title='bbox 1343 1233 1416 1304; x_wconf 87' lang='lat' dir='ltr'>ei,</span> <span class='ocrx_word' id='word_1_120' title='bbox 1465 1251 1629 1304; x_wconf 90' lang='lat' dir='ltr'>quem</span> <span class='ocrx_word' id='word_1_121' title='bbox 1670 1234 1886 1288; x_wconf 89' lang='lat' dir='ltr'>carissi-</span> 
     </span>
     <span class='ocr_line' id='line_1_16' title="bbox 161 1309 1886 1381; baseline -0.003 -13"><span class='ocrx_word' id='word_1_122' title='bbox 161 1333 312 1368; x_wconf 90' lang='lat' dir='ltr'>mum</span> <span class='ocrx_word' id='word_1_123' title='bbox 352 1312 609 1381; x_wconf 89' lang='lat' dir='ltr'>habebat,</span> <span class='ocrx_word' id='word_1_124' title='bbox 649 1310 924 1381; x_wconf 87' lang='lat' dir='ltr'>praesidio</span> <span class='ocrx_word' id='word_1_125' title='bbox 965 1309 1074 1362; x_wconf 83' lang='lat' dir='ltr'>fuit</span> <span class='ocrx_word' id='word_1_126' title='bbox 1118 1311 1314 1379; x_wconf 88' lang='lat' dir='ltr'>[neque</span> <span class='ocrx_word' id='word_1_127' title='bbox 1357 1309 1504 1363; x_wconf 82' lang='lat' dir='ltr'>enim</span> <span class='ocrx_word' id='word_1_128' title='bbox 1538 1328 1668 1364; x_wconf 89' lang='lat' dir='ltr'>suae</span> <span class='ocrx_word' id='word_1_129' title='bbox 1702 1310 1886 1364; x_wconf 90' lang='lat' dir='ltr'>solum</span> 
     </span>
     <span class='ocr_line' id='line_1_17' title="bbox 162 1385 1886 1460; baseline -0.003 -16"><span class='ocrx_word' id='word_1_130' title='bbox 162 1411 194 1444; x_wconf 89' lang='lat' dir='ltr'>a</span> <span class='ocrx_word' id='word_1_131' title='bbox 249 1407 528 1460; x_wconf 90' lang='lat' dir='ltr'>quoquam</span> <span class='ocrx_word' id='word_1_132' title='bbox 585 1387 850 1440; x_wconf 87' lang='lat' dir='ltr'>auxilium</span> <span class='ocrx_word' id='word_1_133' title='bbox 905 1385 1070 1456; x_wconf 89' lang='lat' dir='ltr'>petiit</span> <span class='ocrx_word' id='word_1_134' title='bbox 1126 1385 1354 1456; x_wconf 89' lang='lat' dir='ltr'>salutis,</span> <span class='ocrx_word' id='word_1_135' title='bbox 1412 1385 1507 1440; x_wconf 89' lang='lat' dir='ltr'>sed</span> <span class='ocrx_word' id='word_1_136' title='bbox 1563 1386 1886 1455; x_wconf 88' lang='lat' dir='ltr'>coniuncti],</span> 
     </span>
     <span class='ocr_line' id='line_1_18' title="bbox 161 1461 1886 1535; baseline -0.003 -15"><span class='ocrx_word' id='word_1_137' title='bbox 161 1470 224 1520; x_wconf 91' lang='lat' dir='ltr'>ut</span> <span class='ocrx_word' id='word_1_138' title='bbox 274 1466 564 1535; x_wconf 86' lang='lat' dir='ltr'>appareret</span> <span class='ocrx_word' id='word_1_139' title='bbox 609 1463 820 1516; x_wconf 90' lang='lat' dir='ltr'>nullam</span> <span class='ocrx_word' id='word_1_140' title='bbox 870 1462 1178 1515; x_wconf 88' lang='lat' dir='ltr'>seiunctam</span> <span class='ocrx_word' id='word_1_141' title='bbox 1231 1461 1339 1514; x_wconf 88' lang='lat' dir='ltr'>sibi</span> <span class='ocrx_word' id='word_1_142' title='bbox 1380 1461 1449 1515; x_wconf 92' lang='lat' dir='ltr'>ab</span> <span class='ocrx_word' id='word_1_143' title='bbox 1492 1480 1556 1516; x_wconf 93' lang='lat' dir='ltr'>eo</span> <span class='ocrx_word' id='word_1_144' title='bbox 1597 1461 1737 1516; x_wconf 84' lang='lat' dir='ltr'>velle</span> <span class='ocrx_word' id='word_1_145' title='bbox 1777 1461 1886 1516; x_wconf 89' lang='lat' dir='ltr'>for-</span> 
     </span>
    </p>

    <p class='ocr_par' dir='ltr' id='par_1_6' title="bbox 102 1537 1889 1916">
     <span class='ocr_line' id='line_1_19' title="bbox 102 1537 1888 1610; baseline -0.003 -13"><span class='ocrx_word' id='word_1_146' title='bbox 102 1560 128 1598; x_wconf 82' lang='grc'><strong>6</strong></span> <span class='ocrx_word' id='word_1_147' title='bbox 163 1548 370 1596; x_wconf 82' lang='lat' dir='ltr'>tunam.</span> <span class='ocrx_word' id='word_1_148' title='bbox 451 1539 647 1609; x_wconf 85' lang='lat' dir='ltr'>quodsi</span> <span class='ocrx_word' id='word_1_149' title='bbox 695 1538 1034 1610; x_wconf 80' lang='lat' dir='ltr'>gubernator</span> <span class='ocrx_word' id='word_1_150' title='bbox 1083 1537 1381 1607; x_wconf 90' lang='lat' dir='ltr'>praecipua</span> <span class='ocrx_word' id='word_1_151' title='bbox 1431 1537 1594 1591; x_wconf 88' lang='lat' dir='ltr'>laude</span> <span class='ocrx_word' id='word_1_152' title='bbox 1647 1537 1888 1608; x_wconf 85' lang='lat' dir='ltr'>effertur,</span> 
     </span>
     <span class='ocr_line' id='line_1_20' title="bbox 164 1613 1889 1688; baseline -0.003 -17"><span class='ocrx_word' id='word_1_153' title='bbox 164 1618 257 1688; x_wconf 91' lang='lat' dir='ltr'>qui</span> <span class='ocrx_word' id='word_1_154' title='bbox 304 1634 500 1670; x_wconf 85' lang='lat' dir='ltr'>navem</span> <span class='ocrx_word' id='word_1_155' title='bbox 549 1633 615 1667; x_wconf 93' lang='lat' dir='ltr'>ex</span> <span class='ocrx_word' id='word_1_156' title='bbox 661 1615 840 1667; x_wconf 87' lang='lat' dir='ltr'>hieme</span> <span class='ocrx_word' id='word_1_157' title='bbox 890 1614 1137 1683; x_wconf 91' lang='lat' dir='ltr'>marique</span> <span class='ocrx_word' id='word_1_158' title='bbox 1188 1613 1479 1683; x_wconf 87' lang='lat' dir='ltr'>scopuloso</span> <span class='ocrx_word' id='word_1_159' title='bbox 1530 1616 1738 1684; x_wconf 86' lang='lat' dir='ltr'>servat,</span> <span class='ocrx_word' id='word_1_160' title='bbox 1792 1631 1889 1668; x_wconf 87' lang='lat' dir='ltr'>cur</span> 
     </span>
     <span class='ocr_line' id='line_1_21' title="bbox 161 1689 1888 1764; baseline -0.003 -16"><span class='ocrx_word' id='word_1_161' title='bbox 161 1712 273 1748; x_wconf 92' lang='lat' dir='ltr'>non</span> <span class='ocrx_word' id='word_1_162' title='bbox 313 1690 609 1764; x_wconf 83' lang='lat' dir='ltr'>singularis</span> <span class='ocrx_word' id='word_1_163' title='bbox 653 1690 767 1743; x_wconf 91' lang='lat' dir='ltr'>eius</span> <span class='ocrx_word' id='word_1_164' title='bbox 811 1689 1158 1742; x_wconf 87' lang='lat' dir='ltr'>existimetur</span> <span class='ocrx_word' id='word_1_165' title='bbox 1197 1689 1514 1759; x_wconf 88' lang='lat' dir='ltr'>prudentia,</span> <span class='ocrx_word' id='word_1_166' title='bbox 1556 1689 1653 1759; x_wconf 90' lang='lat' dir='ltr'>qui</span> <span class='ocrx_word' id='word_1_167' title='bbox 1693 1707 1759 1743; x_wconf 92' lang='lat' dir='ltr'>ex</span> <span class='ocrx_word' id='word_1_168' title='bbox 1798 1692 1888 1743; x_wconf 90' lang='lat' dir='ltr'>tot</span> 
     </span>
     <span class='ocr_line' id='line_1_22' title="bbox 163 1764 1888 1839; baseline -0.003 -16"><span class='ocrx_word' id='word_1_169' title='bbox 163 1774 388 1839; x_wconf 87' lang='lat' dir='ltr'>tamque</span> <span class='ocrx_word' id='word_1_170' title='bbox 429 1766 690 1838; x_wconf 84' lang='lat' dir='ltr'>gravibus</span> <span class='ocrx_word' id='word_1_171' title='bbox 732 1764 990 1835; x_wconf 87' lang='lat' dir='ltr'>procellis</span> <span class='ocrx_word' id='word_1_172' title='bbox 1033 1764 1287 1818; x_wconf 87' lang='lat' dir='ltr'>civilibus</span> <span class='ocrx_word' id='word_1_173' title='bbox 1330 1765 1398 1818; x_wconf 89' lang='lat' dir='ltr'>ad</span> <span class='ocrx_word' id='word_1_174' title='bbox 1441 1764 1888 1819; x_wconf 88' lang='lat' dir='ltr'>incolumitatem</span> 
     </span>
     <span class='ocr_line' id='line_1_23' title="bbox 163 1844 451 1916; baseline -0.017 -16"><span class='ocrx_word' id='word_1_175' title='bbox 163 1844 451 1916; x_wconf 79' lang='lat' dir='ltr'>pervenit?</span> 
     </span>
    </p>

    <p class='ocr_par' dir='ltr' id='par_1_7' title="bbox 77 1915 1891 2291">
     <span class='ocr_line' id='line_1_24' title="bbox 77 1915 1890 1987; baseline -0.004 -10"><span class='ocrx_word' id='word_1_176' title='bbox 77 1924 141 1977; x_wconf 76' lang='lat'>11</span> <span class='ocrx_word' id='word_1_177' title='bbox 317 1919 528 1983; x_wconf 78' lang='lat' dir='ltr'>Quibus</span> <span class='ocrx_word' id='word_1_178' title='bbox 571 1936 636 1971; x_wconf 93' lang='lat' dir='ltr'>ex</span> <span class='ocrx_word' id='word_1_179' title='bbox 677 1916 836 1970; x_wconf 91' lang='lat' dir='ltr'>malis</span> <span class='ocrx_word' id='word_1_180' title='bbox 878 1920 942 1970; x_wconf 94' lang='lat' dir='ltr'>ut</span> <span class='ocrx_word' id='word_1_181' title='bbox 983 1934 1040 1970; x_wconf 89' lang='lat' dir='ltr'>se</span> <span class='ocrx_word' id='word_1_182' title='bbox 1082 1916 1332 1987; x_wconf 91' lang='lat' dir='ltr'>emersit,</span> <span class='ocrx_word' id='word_1_183' title='bbox 1387 1916 1528 1969; x_wconf 88' lang='lat' dir='ltr'>nihil</span> <span class='ocrx_word' id='word_1_184' title='bbox 1581 1915 1732 1970; x_wconf 89' lang='lat' dir='ltr'>aliud</span> <span class='ocrx_word' id='word_1_185' title='bbox 1772 1915 1890 1987; x_wconf 85' lang='lat' dir='ltr'>egit</span> 
     </span>
     <span class='ocr_line' id='line_1_25' title="bbox 166 1992 1891 2067; baseline -0.003 -17"><span class='ocrx_word' id='word_1_186' title='bbox 166 2015 331 2067; x_wconf 88' lang='lat' dir='ltr'>quam</span> <span class='ocrx_word' id='word_1_187' title='bbox 371 1998 434 2048; x_wconf 89' lang='lat' dir='ltr'>ut</span> <span class='ocrx_word' id='word_1_188' title='bbox 480 2011 639 2063; x_wconf 77' lang='lat' dir='ltr'>quam</span> <span class='ocrx_word' id='word_1_189' title='bbox 685 1992 940 2063; x_wconf 91' lang='lat' dir='ltr'>plurimis</span> <span class='ocrx_word' id='word_1_190' title='bbox 953 2036 967 2063; x_wconf 93' lang='lat'>,</span> <span class='ocrx_word' id='word_1_191' title='bbox 1021 1992 1219 2062; x_wconf 89' lang='lat' dir='ltr'>quibus</span> <span class='ocrx_word' id='word_1_192' title='bbox 1268 1992 1432 2046; x_wconf 90' lang='lat' dir='ltr'>rebus</span> <span class='ocrx_word' id='word_1_193' title='bbox 1481 1995 1696 2063; x_wconf 87' lang='lat' dir='ltr'>posset,</span> <span class='ocrx_word' id='word_1_194' title='bbox 1743 1994 1891 2046; x_wconf 88' lang='lat' dir='ltr'>esset</span> 
     </span>
     <span class='ocr_line' id='line_1_26' title="bbox 166 2067 1889 2138; baseline -0.003 -12"><span class='ocrx_word' id='word_1_195' title='bbox 166 2071 386 2126; x_wconf 91' lang='lat' dir='ltr'>auxili0.</span> <span class='ocrx_word' id='word_1_196' title='bbox 467 2088 591 2124; x_wconf 88' lang='lat' dir='ltr'>cum</span> <span class='ocrx_word' id='word_1_197' title='bbox 630 2068 972 2138; x_wconf 90' lang='lat' dir='ltr'>proscriptos</span> <span class='ocrx_word' id='word_1_198' title='bbox 1021 2068 1283 2138; x_wconf 88' lang='lat' dir='ltr'>praemiis</span> <span class='ocrx_word' id='word_1_199' title='bbox 1332 2068 1738 2138; x_wconf 87' lang='lat' dir='ltr'>imperatorum</span> <span class='ocrx_word' id='word_1_200' title='bbox 1775 2067 1889 2121; x_wconf 81' lang='lat' dir='ltr'>vul-</span> 
     </span>
     <span class='ocr_line' id='line_1_27' title="bbox 165 2142 1890 2220; baseline -0.003 -19"><span class='ocrx_word' id='word_1_201' title='bbox 165 2166 267 2220; x_wconf 83' lang='lat' dir='ltr'>gus</span> <span class='ocrx_word' id='word_1_202' title='bbox 311 2145 684 2216; x_wconf 88' lang='lat' dir='ltr'>conquireret,</span> <span class='ocrx_word' id='word_1_203' title='bbox 725 2163 885 2198; x_wconf 91' lang='lat' dir='ltr'>nemo</span> <span class='ocrx_word' id='word_1_204' title='bbox 927 2144 986 2197; x_wconf 92' lang='lat' dir='ltr'>in</span> <span class='ocrx_word' id='word_1_205' title='bbox 1024 2143 1260 2214; x_wconf 85' lang='lat' dir='ltr'>Epirum</span> <span class='ocrx_word' id='word_1_206' title='bbox 1298 2143 1477 2215; x_wconf 85' lang='lat' dir='ltr'>venit,</span> <span class='ocrx_word' id='word_1_207' title='bbox 1519 2143 1607 2198; x_wconf 90' lang='lat' dir='ltr'>cui</span> <span class='ocrx_word' id='word_1_208' title='bbox 1646 2161 1733 2197; x_wconf 90' lang='lat' dir='ltr'>res</span> <span class='ocrx_word' id='word_1_209' title='bbox 1773 2142 1890 2196; x_wconf 92' lang='lat' dir='ltr'>ulla</span> 
     </span>
     <span class='ocr_line' id='line_1_28' title="bbox 167 2219 1890 2291; baseline -0.004 -13"><span class='ocrx_word' id='word_1_210' title='bbox 167 2223 423 2278; x_wconf 77' lang='lat' dir='ltr'>defuerit:</span> <span class='ocrx_word' id='word_1_211' title='bbox 479 2221 687 2275; x_wconf 90' lang='lat' dir='ltr'>nemini</span> <span class='ocrx_word' id='word_1_212' title='bbox 733 2238 846 2274; x_wconf 92' lang='lat' dir='ltr'>non</span> <span class='ocrx_word' id='word_1_213' title='bbox 892 2219 971 2273; x_wconf 92' lang='lat' dir='ltr'>ibi</span> <span class='ocrx_word' id='word_1_214' title='bbox 1017 2223 1284 2291; x_wconf 90' lang='lat' dir='ltr'>perpetuo</span> <span class='ocrx_word' id='word_1_215' title='bbox 1334 2219 1591 2274; x_wconf 86' lang='lat' dir='ltr'>manendi</span> <span class='ocrx_word' id='word_1_216' title='bbox 1638 2221 1890 2290; x_wconf 88' lang='lat' dir='ltr'>potestas</span> 
     </span>
    </p>

    <p class='ocr_par' dir='ltr' id='par_1_8' title="bbox 106 2294 1893 2670">
     <span class='ocr_line' id='line_1_29' title="bbox 106 2294 1891 2368; baseline -0.003 -15"><span class='ocrx_word' id='word_1_217' title='bbox 106 2314 131 2353; x_wconf 74' lang='lat'><strong>2</strong></span> <span class='ocrx_word' id='word_1_218' title='bbox 167 2300 316 2353; x_wconf 83' lang='lat' dir='ltr'>facta</span> <span class='ocrx_word' id='word_1_219' title='bbox 364 2301 470 2368; x_wconf 82' lang='lat' dir='ltr'>est3</span> <span class='ocrx_word' id='word_1_220' title='bbox 529 2297 662 2367; x_wconf 90' lang='lat' dir='ltr'>quin</span> <span class='ocrx_word' id='word_1_221' title='bbox 710 2296 879 2349; x_wconf 88' lang='lat' dir='ltr'>etiam</span> <span class='ocrx_word' id='word_1_222' title='bbox 926 2299 1055 2365; x_wconf 89' lang='lat' dir='ltr'>post</span> <span class='ocrx_word' id='word_1_223' title='bbox 1103 2296 1376 2366; x_wconf 90' lang='lat' dir='ltr'>proelium</span> <span class='ocrx_word' id='word_1_224' title='bbox 1415 2295 1772 2365; x_wconf 86' lang='lat' dir='ltr'>Philippense</span> <span class='ocrx_word' id='word_1_225' title='bbox 1812 2294 1891 2348; x_wconf 90' lang='lat' dir='ltr'>in·</span> 
     </span>
     <span class='ocr_line' id='line_1_30' title="bbox 168 2368 1892 2444; baseline -0.003 -16"><span class='ocrx_word' id='word_1_226' title='bbox 168 2376 503 2444; x_wconf 89' lang='lat' dir='ltr'>teritumque</span> <span class='ocrx_word' id='word_1_227' title='bbox 547 2372 605 2428; x_wconf 81' lang='lat' dir='ltr'>C.</span> <span class='ocrx_word' id='word_1_228' title='bbox 631 2371 811 2428; x_wconf 85' lang='lat' dir='ltr'>Cassii</span> <span class='ocrx_word' id='word_1_229' title='bbox 852 2375 908 2424; x_wconf 94' lang='lat' dir='ltr'>et</span> <span class='ocrx_word' id='word_1_230' title='bbox 948 2370 1019 2424; x_wconf 91' lang='lat' dir='ltr'>M.</span> <span class='ocrx_word' id='word_1_231' title='bbox 1061 2370 1223 2424; x_wconf 90' lang='lat' dir='ltr'>Bruti</span> <span class='ocrx_word' id='word_1_232' title='bbox 1264 2370 1324 2424; x_wconf 89' lang='lat' dir='ltr'>L.</span> <span class='ocrx_word' id='word_1_233' title='bbox 1357 2370 1562 2424; x_wconf 90' lang='lat' dir='ltr'>Iulium</span> <span class='ocrx_word' id='word_1_234' title='bbox 1606 2368 1892 2424; x_wconf 90' lang='lat' dir='ltr'>Mocillam</span> 
     </span>
     <span class='ocr_line' id='line_1_31' title="bbox 167 2445 1893 2521; baseline -0.003 -17"><span class='ocrx_word' id='word_1_235' title='bbox 167 2450 508 2521; x_wconf 90' lang='lat' dir='ltr'>praetorium</span> <span class='ocrx_word' id='word_1_236' title='bbox 550 2452 606 2502; x_wconf 89' lang='lat' dir='ltr'>et</span> <span class='ocrx_word' id='word_1_237' title='bbox 645 2448 823 2501; x_wconf 90' lang='lat' dir='ltr'>filium</span> <span class='ocrx_word' id='word_1_238' title='bbox 864 2447 979 2500; x_wconf 88' lang='lat' dir='ltr'>eius</span> <span class='ocrx_word' id='word_1_239' title='bbox 1013 2445 1329 2517; x_wconf 89' lang='lat' dir='ltr'>Aulumque</span> <span class='ocrx_word' id='word_1_240' title='bbox 1365 2445 1711 2516; x_wconf 89' lang='lat' dir='ltr'>Torquatum</span> <span class='ocrx_word' id='word_1_241' title='bbox 1752 2449 1893 2500; x_wconf 90' lang='lat' dir='ltr'>cete-</span> 
     </span>
     <span class='ocr_line' id='line_1_32' title="bbox 168 2521 1892 2595; baseline -0.002 -16"><span class='ocrx_word' id='word_1_242' title='bbox 168 2545 367 2595; x_wconf 90' lang='lat' dir='ltr'>rosque</span> <span class='ocrx_word' id='word_1_243' title='bbox 423 2524 545 2595; x_wconf 88' lang='lat' dir='ltr'>pari</span> <span class='ocrx_word' id='word_1_244' title='bbox 600 2523 825 2577; x_wconf 87' lang='lat' dir='ltr'>fortuna</span> <span class='ocrx_word' id='word_1_245' title='bbox 879 2523 1162 2592; x_wconf 90' lang='lat' dir='ltr'>perculsos</span> <span class='ocrx_word' id='word_1_246' title='bbox 1219 2521 1468 2576; x_wconf 83' lang='lat' dir='ltr'>instituit</span> <span class='ocrx_word' id='word_1_247' title='bbox 1523 2522 1668 2576; x_wconf 88' lang='lat' dir='ltr'>tueri</span> <span class='ocrx_word' id='word_1_248' title='bbox 1724 2525 1892 2592; x_wconf 87' lang='lat' dir='ltr'>atque</span> 
     </span>
     <span class='ocr_line' id='line_1_33' title="bbox 170 2596 1892 2670; baseline -0.003 -15"><span class='ocrx_word' id='word_1_249' title='bbox 170 2620 235 2655; x_wconf 91' lang='lat' dir='ltr'>ex</span> <span class='ocrx_word' id='word_1_250' title='bbox 276 2601 447 2670; x_wconf 88' lang='lat' dir='ltr'>Epiro</span> <span class='ocrx_word' id='word_1_251' title='bbox 489 2600 557 2654; x_wconf 87' lang='lat' dir='ltr'>iis</span> <span class='ocrx_word' id='word_1_252' title='bbox 600 2600 785 2654; x_wconf 88' lang='lat' dir='ltr'>omnia</span> <span class='ocrx_word' id='word_1_253' title='bbox 827 2596 1302 2653; x_wconf 82' lang='lat' dir='ltr'>Samothraeciam</span> <span class='ocrx_word' id='word_1_254' title='bbox 1343 2597 1665 2668; x_wconf 86' lang='lat' dir='ltr'>supportari</span> <span class='ocrx_word' id='word_1_255' title='bbox 1711 2597 1892 2652; x_wconf 89' lang='lat' dir='ltr'>iussit.</span> 
     </span>
    </p>

    <p class='ocr_par' dir='ltr' id='par_1_9' title="bbox 109 2672 1894 2823">
     <span class='ocr_line' id='line_1_34' title="bbox 109 2672 1890 2745; baseline -0.001 -15"><span class='ocrx_word' id='word_1_256' title='bbox 109 2691 135 2731; x_wconf 85' lang='lat'><strong>3</strong></span> <span class='ocrx_word' id='word_1_257' title='bbox 170 2676 393 2730; x_wconf 85' lang='lat' dir='ltr'>difficile</span> <span class='ocrx_word' id='word_1_258' title='bbox 436 2679 521 2728; x_wconf 90' lang='lat' dir='ltr'>est</span> <span class='ocrx_word' id='word_1_259' title='bbox 563 2676 747 2729; x_wconf 88' lang='lat' dir='ltr'>omnia</span> <span class='ocrx_word' id='word_1_260' title='bbox 788 2674 1044 2745; x_wconf 88' lang='lat' dir='ltr'>persequi</span> <span class='ocrx_word' id='word_1_261' title='bbox 1079 2677 1134 2726; x_wconf 88' lang='lat' dir='ltr'>et</span> <span class='ocrx_word' id='word_1_262' title='bbox 1166 2692 1279 2727; x_wconf 93' lang='lat' dir='ltr'>non</span> <span class='ocrx_word' id='word_1_263' title='bbox 1310 2674 1700 2728; x_wconf 87' lang='lat' dir='ltr'>necessarium.</span> <span class='ocrx_word' id='word_1_264' title='bbox 1755 2672 1890 2728; x_wconf 89' lang='lat' dir='ltr'>illud</span> 
     </span>
     <span class='ocr_line' id='line_1_35' title="bbox 170 2749 1894 2823; baseline -0.003 -17"><span class='ocrx_word' id='word_1_265' title='bbox 170 2771 340 2806; x_wconf 89' lang='lat' dir='ltr'>unum</span> <span class='ocrx_word' id='word_1_266' title='bbox 396 2751 647 2823; x_wconf 83' lang='lat' dir='ltr'>intellegi</span> <span class='ocrx_word' id='word_1_267' title='bbox 704 2751 988 2820; x_wconf 77' lang='lat' dir='ltr'>volumUS,</span> <span class='ocrx_word' id='word_1_268' title='bbox 1052 2749 1203 2802; x_wconf 89' lang='lat' dir='ltr'>illius</span> <span class='ocrx_word' id='word_1_269' title='bbox 1267 2749 1663 2803; x_wconf 87' lang='lat' dir='ltr'>liberalitatem</span> <span class='ocrx_word' id='word_1_270' title='bbox 1717 2765 1894 2818; x_wconf 87' lang='lat' dir='ltr'>neque</span> 
     </span>
    </p>

    <p class='ocr_par' dir='ltr' id='par_1_10' title="bbox 110 2824 1897 3048">
     <span class='ocr_line' id='line_1_36' title="bbox 110 2824 1895 2898; baseline -0.003 -16"><span class='ocrx_word' id='word_1_271' title='bbox 110 2841 137 2882; x_wconf 74' lang='lat'><strong>4</strong></span> <span class='ocrx_word' id='word_1_272' title='bbox 170 2827 565 2898; x_wconf 89' lang='lat' dir='ltr'>temporariam</span> <span class='ocrx_word' id='word_1_273' title='bbox 606 2845 781 2897; x_wconf 90' lang='lat' dir='ltr'>neque</span> <span class='ocrx_word' id='word_1_274' title='bbox 823 2826 1081 2880; x_wconf 89' lang='lat' dir='ltr'>callidam</span> <span class='ocrx_word' id='word_1_275' title='bbox 1121 2824 1307 2878; x_wconf 84' lang='lat' dir='ltr'>fuisse.</span> <span class='ocrx_word' id='word_1_276' title='bbox 1371 2825 1428 2879; x_wconf 90' lang='lat' dir='ltr'>id</span> <span class='ocrx_word' id='word_1_277' title='bbox 1460 2843 1526 2879; x_wconf 90' lang='lat' dir='ltr'>ex</span> <span class='ocrx_word' id='word_1_278' title='bbox 1557 2824 1696 2895; x_wconf 90' lang='lat' dir='ltr'>ipsis</span> <span class='ocrx_word' id='word_1_279' title='bbox 1728 2824 1895 2878; x_wconf 89' lang='lat' dir='ltr'>rebus</span> 
     </span>
     <span class='ocr_line' id='line_1_37' title="bbox 172 2898 1895 2972; baseline -0.004 -14"><span class='ocrx_word' id='word_1_280' title='bbox 172 2922 234 2958; x_wconf 87' lang='lat' dir='ltr'>ac</span> <span class='ocrx_word' id='word_1_281' title='bbox 282 2903 626 2972; x_wconf 90' lang='lat' dir='ltr'>temporibus</span> <span class='ocrx_word' id='word_1_282' title='bbox 677 2903 909 2956; x_wconf 88' lang='lat' dir='ltr'>iudicari</span> <span class='ocrx_word' id='word_1_283' title='bbox 957 2903 1168 2972; x_wconf 89' lang='lat' dir='ltr'>potest,</span> <span class='ocrx_word' id='word_1_284' title='bbox 1219 2901 1363 2970; x_wconf 89' lang='lat' dir='ltr'>quod</span> <span class='ocrx_word' id='word_1_285' title='bbox 1409 2919 1522 2955; x_wconf 94' lang='lat' dir='ltr'>non</span> <span class='ocrx_word' id='word_1_286' title='bbox 1569 2898 1895 2954; x_wconf 84' lang='lat' dir='ltr'>florentibus</span> 
     </span>
     <span class='ocr_line' id='line_1_38' title="bbox 172 2973 1897 3048; baseline -0.003 -15"><span class='ocrx_word' id='word_1_287' title='bbox 172 2997 228 3033; x_wconf 85' lang='lat' dir='ltr'>se</span> <span class='ocrx_word' id='word_1_288' title='bbox 254 2978 575 3048; x_wconf 85' lang='lat' dir='ltr'>venditavit,</span> <span class='ocrx_word' id='word_1_289' title='bbox 603 2978 696 3031; x_wconf 89' lang='lat' dir='ltr'>sed</span> <span class='ocrx_word' id='word_1_290' title='bbox 724 2977 946 3032; x_wconf 89' lang='lat' dir='ltr'>afflictis</span> <span class='ocrx_word' id='word_1_291' title='bbox 975 2994 1190 3047; x_wconf 88' lang='lat' dir='ltr'>semper</span> <span class='ocrx_word' id='word_1_292' title='bbox 1216 2976 1511 3030; x_wconf 88' lang='lat' dir='ltr'>succurrit:</span> <span class='ocrx_word' id='word_1_293' title='bbox 1553 2974 1649 3047; x_wconf 90' lang='lat' dir='ltr'>qui</span> <span class='ocrx_word' id='word_1_294' title='bbox 1675 2973 1897 3046; x_wconf 88' lang='lat' dir='ltr'>quidem</span> 
     </span>
    </p>
   </div>
  </div>
 </body>
</html>
