2164 3358
661 133 761 179 XX.
800 134 1146 183 TIMOLEON.
1196 143 1237 183 2.
1273 144 1313 184 3.
1792 145 1864 200 83

106 252 327 311 licitate
366 254 709 330 Dionysium
760 263 885 315 tota
928 259 1122 317 Sicilia
1170 263 1402 334 depulit.
1482 284 1609 321 cum
1655 268 1863 324 interfi-
1898 285 1925 326 2

106 348 231 386 cere
269 338 494 406 posset,
533 336 742 408 noluit,
784 341 1020 409 tutoque
1061 343 1127 393 ut
1168 338 1504 397 Corinthum
1545 346 1865 415 perveniret

105 406 318 481 effecit,
384 411 532 483 quod
597 416 966 485 utrorumque
1031 414 1436 488 Dionysiorum
1502 421 1703 492 opibus
1762 421 1863 479 Co·

104 484 303 540 rinthii
345 506 510 561 saepe
552 489 730 544 adjuti
772 489 1012 563 fuerant,
1053 494 1211 549 cuius
1255 495 1623 569 benignitatis
1657 518 1864 555 memo-

104 561 249 617 riam
298 565 526 620 volebat
574 570 821 638 exstare,
878 586 1111 640 eamque
1169 573 1515 643 praeclaram
1563 575 1863 632 victoriam

104 638 369 713 ducebat,
420 642 479 697 in
529 661 640 714 qua
686 643 814 715 plus
856 649 1006 700 esset
1047 647 1376 704 clementiae
1420 669 1588 721 quam
1630 654 1863 709 crudeli-

0 738 6 746 ·
104 717 259 789 tatis,
296 722 587 790 postremo
629 723 694 774 ut
732 739 846 775 non
879 723 1063 778 solum
1097 725 1327 781 auribus
1362 728 1725 802 acciperetur,
1765 733 1861 787 sed

105 794 279 849 etiam
336 795 513 851 oculis
571 801 916 870 cerneretur,
974 813 1140 872 quem
1190 822 1255 857 ex
1305 809 1517 874 quanto
1567 825 1741 880 regno
1791 809 1860 864 ad

104 889 274 942 quam
328 871 617 928 fortunam
675 874 986 931 detulisset.
1073 883 1205 950 post
1253 878 1514 953 Dionysii
1572 884 1861 941 decessum
1894 901 1922 942 3

102 966 231 1003 cum
277 946 484 1004 Hiceta
538 950 797 1023 bellavit,
857 954 953 1024 qui
1011 955 1338 1012 adversatus
1388 963 1511 1014 erat
1558 959 1859 1034 Dionysio:

102 1042 268 1096 quem
307 1044 423 1081 non
463 1027 590 1083 odio
634 1029 948 1100 tyrannidis
999 1032 1353 1106 dissensisse,
1402 1036 1499 1091 sed
1548 1039 1856 1110 cupiditate

0 1103 1 1107 ’
99 1101 308 1158 indicio
348 1102 476 1175 fuit,
519 1105 666 1176 quod
709 1107 828 1178 ipse
872 1109 1102 1180 expulso
1138 1109 1413 1184 Dionysio
1446 1113 1747 1200 imperium
1780 1117 1857 1172 di-

100 1179 328 1235 mittere
359 1181 557 1236 noluit.
615 1182 722 1238 hoc
756 1189 1020 1256 superato
1047 1186 1340 1244 Timoleon
1367 1209 1638 1247 maximas
1665 1195 1856 1266 copias
1888 1211 1919 1253 4

99 1255 664 1331 Karthaginiensium
715 1261 860 1332 apud
904 1260 1217 1320 Crinissum
1266 1267 1474 1322 flumen
1521 1269 1744 1343 fugavit
1792 1290 1856 1327 ac

101 1333 240 1389 satis
280 1333 488 1390 habere
537 1337 747 1410 coegit,
801 1339 850 1393 si
898 1340 1094 1395 liceret
1134 1342 1388 1399 Africam
1430 1346 1708 1418 obtinere,
1759 1350 1857 1420 qui

99 1410 213 1466 iam
254 1413 569 1484 complures
613 1432 787 1470 annos
840 1418 1261 1488 possessionem
1304 1419 1528 1477 Siciliae
1571 1425 1864 1496 tenebant.-

99 1488 250 1560 cepit
305 1489 478 1544 etiam
533 1489 908 1565 Mamercum,
965 1493 1230 1551 Italicum
1287 1497 1511 1571 ducem,
1566 1500 1854 1557 hominem

98 1565 430 1621 bellicosum
471 1570 528 1621 et
566 1571 884 1643 potentem,
925 1572 1022 1643 qui
1063 1576 1334 1644 tyrannos
1377 1576 1631 1632 adiutum
1671 1579 1731 1633 in
1773 1578 1855 1635 Si-

97 1642 286 1697 ciliam
326 1648 571 1699 venerat.

251 1719 468 1786 Quibus
501 1722 669 1777 rebus
703 1723 974 1780 confectis
1009 1745 1135 1782 cum
1160 1733 1394 1801 propter
1419 1731 1851 1789 diuturnitatem
1886 1739 1920 1794 3

95 1795 232 1852 belli
278 1816 395 1853 non
443 1799 628 1854 solum
676 1801 958 1875 regiones,
1017 1805 1112 1859 sed
1162 1807 1334 1861 etiam
1382 1809 1549 1863 urbes
1600 1810 1849 1866 desertas

95 1872 326 1947 videret,
366 1876 709 1948 conquisivit
751 1897 891 1950 quos
925 1882 1130 1953 potuit,
1170 1884 1417 1954 primum
1445 1883 1681 1960 SiculoS,
1722 1889 1849 1943 dein

97 1947 371 2007 Corintho
413 1954 707 2009 arcessivit
747 1957 1002 2029 colonOS,
1056 1960 1203 2030 quod
1253 1962 1322 2015 ab
1365 1962 1434 2017 iis
1475 1964 1641 2019 initio
1686 1963 1847 2037 Syra-

95 2046 260 2084 cusae
302 2033 463 2085 erant
502 2031 774 2088 conditae.
855 2034 1072 2090 civibus
1113 2038 1396 2094 veteribus
1439 2058 1540 2095 sua
1580 2043 1846 2111 restituit,
1882 2060 1907 2100 2

92 2105 254 2161 novis
304 2106 453 2162 bello
501 2110 854 2166 vacuefactas
904 2114 1290 2185 possessiones
1348 2117 1564 2189 divisit,
1621 2120 1845 2174 urbium

93 2183 314 2239 moenia
369 2184 604 2241 disiecta
658 2187 901 2260 fanaque
958 2190 1179 2247 detecta
1235 2192 1459 2265 refecit,
1517 2196 1842 2251 civitatibus

92 2257 246 2333 leges
287 2261 720 2336 libertatemque
758 2266 1023 2321 reddidit:
1065 2288 1131 2324 ex
1165 2271 1410 2326 maximo
1443 2272 1592 2326 bello
1621 2268 1843 2328 tantum

95 2335 274 2394 otium
321 2342 478 2395 totae
527 2340 742 2397 insulae
793 2344 1137 2418 conciliavit,
1193 2351 1258 2402 ut
1309 2348 1399 2403 hic
1451 2349 1708 2403 conditor
1754 2369 1843 2405 ur-

91 2411 248 2469 bium
286 2433 495 2489 earum,
532 2436 647 2474 non
687 2420 772 2474 illi
814 2421 911 2492 qui
943 2422 1107 2477 initio
1147 2423 1502 2496 deduxerant,
1544 2426 1840 2482 videretur.

92 2507 278 2546 arcem
318 2491 629 2567 SyracusiS,
670 2515 840 2568 quam
880 2500 1161 2555 munierat
1193 2500 1499 2572 Dionysius
1543 2503 1610 2557 ad
1645 2504 1839 2559 urbem
1874 2522 1901 2562 3

92 2566 471 2643 obsidendam,
511 2591 545 2628 a
583 2572 966 2631 fundamentis
1009 2577 1253 2648 disiecit,
1298 2582 1483 2633 cetera
1524 2581 1837 2651 tyrannidis

89 2648 513 2719 propugnacula
544 2649 846 2707 demolitus
881 2657 969 2708 est
1001 2654 1262 2725 deditque
1300 2674 1543 2727 operam,
1579 2661 1644 2711 ut
1671 2676 1837 2729 quam

90 2721 319 2777 minime
354 2723 534 2781 multa
565 2728 808 2802 vestigia
833 2731 1124 2786 servitutis
1151 2737 1455 2787 manerent.
1508 2752 1634 2788 cum
1661 2736 1834 2790 tantis
1870 2750 1897 2790 4

0 2819 6 2852 .·
88 2802 240 2854 esset
279 2799 498 2873 opibus,
535 2806 601 2858 ut
631 2805 804 2860 etiam
837 2807 1030 2862 invitis
1064 2809 1338 2880 imperare
1364 2814 1573 2882 posset,
1615 2815 1835 2866 tantum

0 2921 9 2933 .
86 2879 278 2932 autem
319 2895 569 2933 amorem
607 2879 842 2938 haberet
883 2885 1132 2939 omnium
1176 2883 1516 2958 Siculorum,
1569 2892 1633 2942 ut
1680 2888 1833 2942 nullo

0 2951 16 3014 ;’
86 2958 380 3010 recusante
414 2971 651 3028 regnum
677 2958 931 3016 obtinere
958 2962 1143 3032 liceret,
1170 2963 1371 3018 maluit
1396 2983 1455 3019 se
1481 2964 1640 3036 diligi
1668 2983 1834 3034 quam

2 3037 13 3069 ³
86 3031 278 3087 metui.
359 3032 576 3105 itaque,
625 3052 751 3089 cum
792 3037 1038 3110 primum
1078 3039 1292 3112 potuit,
1332 3041 1629 3113 imperium
1671 3041 1833 3111 depo-

1496 3130 1555 3172 6*
