2164 3358
644 105 747 152 v11.
782 106 1167 154 ALcfflumsss.
1221 114 1290 154 ιι.
1779 112 1845 165 31

106 250 196 304 ea,
235 249 377 304 quae
419 250 588 304 supra
628 232 981 305 scripsimus,
1034 232 1100 287 de
1141 251 1206 286 eo
1249 233 1642 303 praedicarunt
1682 239 1851 306 atque

0 343 9 390 ί
104 308 214 365 hoc
268 308 535 380 amplius:
592 328 719 365 cum
776 309 1040 379 Athenis,
1097 309 1551 379 splendidissima
1608 312 1851 382 civitate,

104 387 274 442 natus
323 390 496 456 esset,
549 403 742 441 omnes
791 385 1085 457 splendore
1135 404 1199 440 ac
1240 386 1516 458 dignitate
1558 406 1848 459 superasse

105 461 280 532 vitae3
330 466 632 534 postquam
680 461 807 516 inde
856 461 1120 533 expulsus
1162 461 1384 517 Thebas
1427 465 1664 535 venerit,
1714 465 1848 520 adeo
1885 479 1911 518 3

106 538 308 594 studiis
358 557 552 594 eorum
599 537 921 607 inservisse,
977 542 1041 592 ut
1097 557 1259 592 nemo
1315 559 1440 594 eum
1494 541 1684 596 labore
1735 561 1850 596 cor-

105 615 369 688 porisque
394 615 607 670 viribus
633 617 827 686 posset
851 615 1212 686 aequiperare
1237 615 1454 686 (omnes
1482 619 1630 672 enim
1649 617 1849 673 Boeoti

107 692 288 766 magis
313 690 571 747 firmitati
596 691 848 762 corporis
867 709 1035 761 quam
1062 692 1270 764 ingenii
1291 694 1531 748 acumini
1561 694 1852 768 serviunt);

106 767 342 824 eundem
373 766 519 839 apud
553 764 1041 838 Lacedaemonios,
1075 787 1312 839 quorum
1347 771 1598 825 moribus
1634 790 1850 826 summa
1884 784 1912 824 4

107 845 285 900 virtus
323 844 383 899 in
421 843 698 915 patientia
737 845 1075 916 ponebatur,
1117 845 1198 900 sic
1239 846 1477 901 duritiae
1519 867 1578 901 se
1620 849 1851 920 dedisse,

78 923 172 977 ⁰nt
206 919 552 992 parsimonia
590 921 772 975 victus
814 924 982 992 atque
1024 922 1209 977 cultus
1252 942 1444 978 omnes
1487 922 1850 980 Lacedaemo·

102 995 228 1053 nios
268 995 539 1068 vinceret3
579 996 752 1052 fuisse
793 998 938 1069 apud
973 998 1268 1070 Thraecae,
1310 1000 1564 1056 homines
1607 1002 1851 1056 vinolen-

103 1075 195 1128 tos
227 1073 506 1145 rebusque
540 1074 777 1128 veneriis
811 1075 1053 1129 deditos:
1089 1076 1190 1130 hos
1219 1096 1441 1147 quoque
1476 1079 1532 1132 in
1567 1078 1656 1132 his
1683 1079 1848 1133 rebus

9 1201 18 1210 ,
103 1150 497 1221 antecessisse;
536 1151 754 1205 venisse
780 1151 848 1205 ad
876 1150 1091 1222 Persem,
1125 1153 1270 1224 apud
1306 1173 1446 1225 quos
1481 1174 1700 1209 summa
1727 1157 1848 1210 laus
1885 1171 1910 1210 5

103 1230 255 1281 esset
293 1226 520 1282 fortiter
560 1228 765 1298 venari,
806 1228 1088 1283 luxuriose
1131 1230 1339 1284 vivere:
1382 1231 1582 1286 horum
1617 1233 1694 1286 sic
1730 1233 1848 1286 imi·

103 1305 289 1358 tatum
329 1304 803 1374 consuetudinem,
845 1309 909 1358 ut
951 1305 1032 1359 illi
1075 1306 1181 1377 ipsi
1225 1326 1350 1361 eum
1394 1309 1450 1361 in
1484 1309 1572 1362 his
1609 1309 1848 1363 maxime

104 1379 530 1436 admirarentur.
609 1380 812 1452 quibus
855 1382 1020 1436 rebus
1064 1383 1312 1438 effecisse
1362 1388 1448 1453 ut,
1499 1385 1644 1456 apud
1689 1405 1849 1456 quos·
1883 1403 1909 1440 6

103 1474 341 1530 cumque
365 1460 530 1528 esset,
560 1457 820 1529 princeps
854 1463 1156 1529 poneretur
1192 1460 1604 1533 habereturque
1632 1463 1849 1516 carissi-

103 1552 242 1588 mus.
322 1533 417 1589 sed
458 1533 597 1589 satis
638 1534 704 1588 de
745 1534 876 1589 hoc:
918 1536 1162 1607 reliquos
1206 1537 1504 1591 ordiamur.

636 1797 802 1859 VIII.
863 1798 1479 1862 THRASYBULUS.

254 1914 664 1990 ThmsybuluS,
706 1917 842 1991 Lyci
885 1919 1058 1989 filius,
1100 1921 1479 1975 Atheniensis.
1561 1923 1608 1976 si
1650 1941 1748 1994 per
1790 1942 1845 1977 se
1888 1928 1906 1976 1

103 1992 283 2048 virtus
332 1994 452 2049 sine
501 1994 728 2050 fortuna
776 1996 1133 2066 ponderanda
1183 2003 1291 2068 est,
1344 1998 1539 2052 dubito
1583 2018 1649 2053 an
1701 1999 1845 2054 hunc

101 2069 347 2141 primum
387 2072 638 2127 omnium
681 2092 899 2145 ponam.
980 2074 1117 2127 illud
1161 2075 1278 2128 sine
1321 2074 1514 2129 dubio:
1569 2077 1845 2130 neminem

100 2144 233 2202 huic
271 2147 525 2218 praefero
567 2148 697 2219 fide,
738 2151 1081 2221 constantia,
1125 2151 1507 2224 magnitudine
1551 2172 1747 2222 animi,
1790 2173 1845 2206 in

101 2223 345 2295 patriam
387 2243 591 2281 amore.
662 2245 793 2281 nam
836 2227 982 2297 quod
1027 2227 1189 2282 multi
1232 2229 1528 2282 voluerunt
1572 2231 1846 2299 paucique
1881 2246 1905 2283 ιε

103 2302 422 2373 potuerunt,
462 2302 533 2358 ab
567 2321 676 2358 uno
710 2307 950 2374 tyranno
986 2306 1226 2374 patriam
1263 2305 1515 2373 liberare,
1558 2305 1684 2360 huic
1720 2325 1844 2360 con·

107 2372 240 2448 tigit
274 2380 340 2433 ut
378 2397 413 2434 a
452 2379 690 2453 triginta
731 2399 1057 2451 oppressam
1100 2382 1352 2452 tyrannis
1397 2404 1423 2435 e
1467 2384 1737 2436 servitute
1788 2384 1844 2437 in

105 2448 423 2510 libertatem
455 2456 778 2511 vindicaret.
836 2457 930 2511 sed
966 2458 1152 2512 nescio
1188 2478 1298 2528 quo
1336 2459 1515 2527 modo,
1557 2477 1682 2513 cum
1717 2479 1844 2515 eum
1879 2475 1903 2513 3

105 2543 270 2583 nemo
315 2531 556 2587 anteiret
602 2533 690 2588 his
740 2534 1071 2605 virtutibuS,
1130 2535 1290 2589 multi
1342 2535 1638 2589 nobilitate
1693 2555 1845 2607 prae·

106 2612 482 2663 cucurrerunt.
560 2609 805 2681 primum
856 2609 1261 2682 Peloponnesio
1322 2611 1468 2664 bello
1522 2612 1697 2666 multa
1754 2613 1842 2668 hic

106 2679 224 2735 eine
259 2680 547 2739 Alcibiade
587 2687 781 2759 gessit,
821 2687 916 2740 ille
957 2689 1169 2742 nullam
1215 2707 1328 2741 rem
1371 2688 1489 2742 sine
1532 2688 1661 2743 hoc:
1704 2708 1843 2760 quae

103 2755 201 2811 ille
246 2757 505 2814 universa
549 2763 792 2818 naturali
843 2764 1083 2834 quodam
1136 2766 1280 2818 bono
1332 2764 1464 2818 fecit
1514 2765 1666 2820 lucri.
1749 2766 1841 2819 sed
1877 2780 1904 2819 4

103 2831 204 2888 illa
244 2837 433 2889 tamen
473 2837 660 2892 omnia
699 2841 1017 2895 communia
1063 2841 1493 2910 imperatoribus
1536 2861 1660 2896 cum
1706 2843 1843 2895 mili-

105 2908 258 2965 tibus
300 2914 357 2965 et
398 2909 639 2983 fortuna,
678 2915 825 2985 qnod
867 2917 925 2970 in
966 2918 1161 2988 proelii
1206 2936 1477 2972 concursu
1520 2920 1639 2972 abit
1682 2938 1767 2971 res
1810 2938 1841 2970 a

104 2986 339 3043 consilio
381 2986 448 3042 ad
491 2987 638 3044 vices
669 3006 846 3045 remm
878 2993 1255 3064 virtutemque
1295 2996 1680 3067 pugnantium.
1744 2994 1839 3047 ita-
