2019 3310
211 130 281 183 80
747 124 867 169 xix.
903 122 1190 169 PHOCION
1243 128 1371 168 1—3.

210 251 466 320 Philippo
509 267 732 302 munera
774 265 1003 318 magnae
1059 245 1320 315 pecuniae
1360 245 1672 314 repudiaret
1718 245 1911 329 legati-

212 346 314 396 que
345 326 699 378 hortarentur
732 323 974 391 accipere
1009 320 1278 389 simulque
1312 319 1681 389 admonerent,
1714 319 1761 372 si
1793 320 1910 389 ipse

211 401 278 453 iis
320 400 477 452 facile
520 400 744 466 careret,
784 397 972 449 liberis
1013 398 1199 448 tamen
1239 394 1351 448 suis
1392 393 1757 464 prospiceret,
1797 394 1912 463 qui·

211 476 313 528 bus
355 473 573 526 difficile
615 475 760 526 esset
799 471 856 524 in
888 489 1101 524 summa
1123 471 1456 553 paupertate
1490 471 1703 522 tantam
1733 472 1911 539 pater-

153 564 179 601 4
213 568 339 602 nam
380 547 521 600 tueri
554 546 802 618 gloriam,
842 546 909 599 iis
943 544 1084 598 ille‘
1091 544 1137 597 si
1171 544 1277 597 mei
1310 543 1519 596 similes
1554 545 1728 613 erunt,
1767 543 1912 596 idem

212 623 318 676 1116
362 621 542 691 inquit
582 620 811 692 agellus
852 621 978 674 illos
1020 620 1143 687 alet,
1186 618 1279 688 qui
1319 637 1404 671 me
1446 617 1512 670 ad
1561 617 1702 670 hanc
1741 617 1912 688 (113111-

214 701 385 750 tatem
425 696 700 779 perduxit3
756 696 840 748 sin
880 694 1172 748 dissimiles
1214 696 1343 746 sunt
1382 691 1569 762 futuri,
1606 692 1735 745 nolo
1777 692 1911 746 meis

213 771 475 842 impensis
516 771 738 824 illorum
779 771 853 823 ali
894 769 1188 840 augerique
1228 766 1534 820 luxuriam.

153 848 186 900 2
362 845 514 899 Idem
546 864 668 899 cum
701 863 868 914 piope
895 844 961 896 ad
995 861 1195 896 annum
1221 842 1620 913 octogesimum
1650 859 1914 911 prospera

213 922 551 992 pervenisset
589 919 834 987 fortuna,
874 918 1131 972 extremis
1173 917 1514 986 temporibus
1554 933 1816 987 magnum
1855 916 1915 969 in

156 1010 180 1049 2
215 997 398 1049 odium
438 995 685 1064 pervenit
725 1011 948 1046 suorum
989 991 1205 1061 civium,
1242 991 1422 1061 primo
1463 991 1608 1060 quod
1647 1009 1771 1045 cum
1810 989 1915 1044 De-

215 1071 370 1124 made
411 1070 474 1122 de
514 1070 648 1121 urbe
690 1068 951 1121 tiadenda
975 1066 1273 1136 Antipatro
1308 1068 1659 1119 consenserat
1690 1065 1913 1135 eiusque

216 1145 442 1199 consilio
468 1143 867 1197 Demosthenes
909 1161 1031 1196 cum
1073 1141 1283 1210 ceteriS,
1323 1140 1418 1210 qui
1458 1140 1594 1194 bene
1634 1140 1698 1193 de
1730 1159 1788 1194 re
1820 1159 1914 1209 pu-

214 1221 359 1273 blica
407 1219 589 1272 meriti
638 1218 1117 1285 existimabantur,
1168 1214 1359 1285 populi
1407 1214 1547 1269 scito
1594 1215 1654 1267 in
1692 1214 1916 1268 exilium

216 1298 371 1348 erant
419 1294 645 1363 expulsi.
722 1311 896 1362 neque
944 1292 1002 1345 in
1049 1309 1111 1344 eo
1162 1290 1341 1344 solum
1389 1289 1715 1359 offenderat,
1772 1288 1917 1358 quod

217 1370 425 1439 patriae
483 1369 624 1421 male
666 1368 1035 1436 consuluerat,
1085 1365 1178 1419 sed
1225 1365 1393 1418 etiam
1450 1364 1594 1434 quod
1641 1363 1915 1418 amicitiae

159 1458 182 1496 8
218 1445 379 1498 fidem
418 1462 528 1496 non
567 1443 935 1514 praestiterat.
1009 1459 1244 1509 namque
1286 1442 1477 1493 auctus
1518 1439 1844 1509 adiutusque
1885 1457 1917 1492 a

217 1519 586 1572 Demosthene
628 1537 773 1586 eum,
815 1536 975 1586 quem
1016 1515 1262 1583 tenebat,
1314 1514 1632 1567 ascenderat
1672 1514 1917 1585 gradum,

217 1613 340 1648 cum
389 1594 646 1646 adversus
687 1591 979 1646 Charetem
1028 1609 1151 1644 eum
1199 1590 1546 1643 subornaret:
1609 1589 1677 1641 ab
1726 1589 1917 1642 eodem

215 1670 273 1722 in
311 1668 549 1738 iudiciis,
598 1686 720 1721 cum
761 1667 956 1736 capitis
998 1683 1218 1718 causam
1258 1664 1483 1733 diceret,
1530 1662 1782 1717 defensus
1825 1663 1917 1716 ali·

219 1744 496 1814 quotiens,
552 1742 818 1795 liberatus
875 1741 1212 1794 discesserat.
1290 1739 1433 1793 hunc
1472 1756 1584 1792 non
1631 1737 1810 1791 solum
1861 1738 1918 1790 in

158 1847 184 1884 4
218 1818 474 1888 periculis
522 1836 631 1871 non
679 1816 942 1885 defendit,
995 1815 1088 1868 sed
1136 1815 1302 1867 etiam
1349 1812 1604 1883 prodidit.
1681 1811 1920 1866 concidit

221 1898 402 1947 autem
456 1893 688 1946 maxime
737 1910 843 1945 uno
893 1860 1140 1959 6111111116,
1197 1888 1363 1974 quod,
1418 1907 1541 1942 cum
1596 1887 1738 1957 apud
1794 1905 1919 1940 eum

221 1987 493 2022 summum
534 1970 677 2020 esset
716 1966 1005 2035 imperium
1056 1964 1245 2035 populi
1284 1964 1430 2017 iussu
1477 1966 1533 2017 et
1571 1961 1920 2031 Nicanorem,

220 2043 511 2098 Cassandri
554 2041 904 2111 praefectum,
945 2040 1190 2093 insidiari
1223 2038 1415 2092 Piraeo
1452 2037 1916 2104 [Atheniensium]

222 2138 252 2172 a
278 2117 512 2186 Dercylo
542 2120 852 2169 moneretur
884 2116 1134 2184 idemque
1159 2113 1467 2184 postularet
1498 2115 1561 2166 ut
1591 2111 1921 2182 provideret,

220 2212 286 2246 116
329 2192 724 2245 commeatibus
767 2191 958 2243 civitas
999 2190 1331 2260 privaretur,
1371 2188 1498 2241 111116
1539 2186 1790 2240 audiente
1829 2204 1920 2256 po·

221 2268 350 2338 pulo
394 2267 636 2320 Phocion
685 2266 906 2336 negavit
947 2283 1064 2318 esse
1113 2263 1415 2334 periculum
1464 2279 1627 2331 seque
1675 2261 1789 2314 eius
1842 2260 1921 2314 rei

162 2353 187 2389 5
224 2342 468 2395 obsidem
525 2342 640 2394 fore
695 2340 973 2410 pollicitus
1030 2342 1127 2392 est.
1205 2355 1379 2406 neque
1434 2336 1514 2389 ita
1564 2335 1738 2388 multo
1793 2339 1922 2405 post

224 2416 466 2470 Nicanor
507 2416 698 2468 Piraeo
740 2418 824 2468 est
870 2414 1094 2483 potitus,
1174 2413 1239 2465 ad
1289 2429 1447 2480 quem
1497 2409 1923 2480 recuperandum

226 2511 345 2544 611111
391 2492 621 2560 populus
665 2492 905 2543 armatus
948 2487 1328 2555 concurrisset,
1369 2486 1460 2537 ille
1500 2504 1609 2538 non
1642 2484 1802 2538 modo
1835 2503 1924 2538 ne-

227 2567 425 2618 1111116111
470 2566 532 2617 ad
577 2585 727 2618 arma
767 2563 996 2631 vocavit,
1038 2562 1129 2615 sed
1164 2581 1228 2613 116
1264 2530 1489 2613 armatis
1524 2559 1741 2630 quidem
1772 2577 1923 2630 prae-

227 2659 344 2693 cssc
412 2641 595 2693 voluit.
688 2640 825 2705 [sine
883 2657 989 2707 quo
1046 2636 1293 2689 Athenae
1359 2635 1578 2688 omnino
1635 2652 1752 2688 esse
1813 2652 1924 2687 non

229 2718 497 2784 possunt]

169 2788 203 2843 3
379 2789 553 2842 Erant
601 2809 662 2841 66
712 2794 958 2858 tempore
1001 2785 1234 2839 Athenis
1276 2785 1410 2838 duae
1460 2783 1748 2853 factiones,
1799 2800 1923 2851 qua-

230 2884 349 2918 rum
399 2883 505 2916 una
552 2864 735 2932 populi
787 2880 1002 2916 causam
1052 2861 1275 2931 agebat,
1331 2860 1505 2913 altera
1559 2856 1922 2929 optimatium.

230 2941 284 2992 in
327 2940 427 2992 hac
469 2943 585 2991 ciat
631 2938 869 2991 Phocion
911 2940 965 2990 et
1005 2935 1317 2988 Demetrius
1359 2934 1667 2988 Phalereus
1729 2932 1925 2986 harum
