2019 3310
105 384 137 437 6

139 2656 163 2696 7

161 109 233 162 52
704 101 827 146 XIV.
859 98 1169 145 DATAMES.
1219 103 1258 143 5.
1295 104 1335 143 6.

163 230 480 299 amicitiam,
521 244 743 280 manum
777 225 1075 293 comparat,
1107 222 1272 275 urbes
1306 221 1548 274 munitas
1583 221 1697 274 suis
1727 224 1879 273 tuen—

165 309 260 361 das
302 305 488 359 tradit.
1146 320 1149 321 ⁷

315 380 420 434 Sed
454 379 590 431 haec
621 378 850 446 propter
881 373 1117 426 hiemale
1150 376 1370 440 tempus
1403 370 1585 424 minus
1617 389 1880 441 prospere

163 456 546 528 procedebant.
619 451 773 504 audit
812 449 1028 502 Pisidas
1072 448 1339 517 quosdam
1380 445 1566 515 copias
1620 447 1879 500 adversus

167 552 222 586 se
262 549 470 601 parare.
539 527 718 580 filium
759 544 821 579 eo
862 524 1192 578 Arsidaeum
1234 540 1357 576 cum
1398 521 1641 574 exercitu
1680 522 1882 592 mittit3

167 607 313 662 cadit
353 607 409 658 in
441 603 653 674 proelio
689 601 1022 655 adulescens.
1077 596 1452 669 proficiscitur
1485 614 1548 650 eo
1580 599 1741 666 pater
1771 615 1883 651 non

166 685 246 736 ita
287 698 488 752 magna
529 697 654 732 cum
694 696 883 746 manu,
932 675 1138 744 celanS,
1188 675 1456 743 quantum
1497 671 1696 725 vulnus
1738 690 1885 726 acce·

167 759 356 829 pisset,
390 755 534 825 quod
566 754 718 824 prius
755 753 822 806 ad
852 752 1071 804 hostem
1096 748 1381 819 pervenire
1408 747 1680 818 cupiebat,
1721 765 1887 816 quam

169 835 233 887 de
274 832 416 885 male
457 849 514 884 re
555 832 713 900 gesta
751 827 901 880 fama
934 825 1001 879 ad
1035 843 1162 878 suos
1194 823 1523 894 perveniret,
1562 841 1630 876 ne
1663 823 1888 894 cognita

169 909 270 962 filii
311 910 488 960 morte
531 904 699 957 animi
741 902 1163 956 debilitarentur
1204 899 1460 952 militum.
1526 916 1633 968 quo
1668 901 1888 952 conten·

172 985 351 1053 derat,
406 980 656 1051 pervenit
710 978 887 1047 iisque
935 976 1072 1029 locis
1123 978 1305 1028 castra
1360 973 1541 1044 ponit,
1595 976 1659 1027 ut
1712 991 1888 1043 neque

173 1057 449 1113 circumiri
492 1053 846 1108 multitudine
890 1049 1329 1104 adversariorum
1360 1052 1552 1118 posset
1583 1067 1759 1118 neque
1791 1049 1889 1102 im-

171 1134 363 1205 pediri,
405 1130 696 1201 quominus
737 1128 856 1198 ipse
898 1127 966 1180 ad
999 1124 1369 1178 dimicandum
1405 1143 1629 1177 manum
1659 1124 1891 1178 haberet

175 1208 498 1280 expeditam.
579 1208 698 1258 erat
738 1222 861 1256 cum
903 1220 966 1256 eo
1007 1200 1509 1269 Mithrobarzanes,
1557 1217 1712 1253 socer
1760 1199 1892 1270 eiuS,

174 1283 485 1356 praefectus
543 1280 806 1350 equitum.
893 1278 941 1331 is
999 1275 1302 1346 desperatis
1361 1274 1550 1346 generi
1606 1275 1769 1328 rebus
1825 1275 1893 1328 ad

174 1362 365 1414 hostes
407 1355 725 1426 transfugit.
803 1354 858 1407 id
897 1352 1164 1406 Datames
1205 1354 1268 1404 ut
1317 1350 1553 1420 audivit,
1602 1351 1797 1421 sensit,
1847 1350 1895 1403 si

177 1438 235 1490 in
282 1435 504 1488 turbam
552 1431 755 1485 exisset
803 1430 870 1482 ab
919 1428 1142 1481 homine
1190 1430 1307 1479 tam
1353 1426 1663 1480 necessario
1706 1445 1763 1480 se
1814 1445 1894 1480 re-

177 1513 388 1579 lictum,
428 1508 676 1561 futurum
717 1509 780 1558 ut
821 1504 989 1558 ceteri
1020 1504 1154 1556 idem
1188 1501 1479 1554 consilium
1513 1505 1896 1572 sequerentur,

179 1589 353 1654 itaque
391 1585 448 1637 in
488 1583 687 1653 vulgus
730 1581 842 1634 edit
884 1597 981 1632 suo
1033 1579 1188 1631 iussu
1228 1575 1734 1630 Mithrobarzanem
1775 1595 1896 1646 pro-

179 1663 386 1715 fectum
427 1677 525 1729 pro
567 1656 820 1727 perfuga,
862 1673 969 1724 quo
1010 1653 1226 1706 facilius
1267 1655 1520 1721 receptus
1560 1651 1897 1706 interficeret

180 1739 393 1791 hostes:
451 1752 617 1804 quare
673 1731 912 1800 relinqui
960 1748 1085 1783 eum
1131 1746 1232 1798 par
1278 1745 1389 1780 non
1437 1745 1554 1780 esse
1603 1730 1659 1780 et
1708 1745 1896 1781 omnes

184 1811 476 1867 confestim
518 1809 686 1878 sequi.
752 1805 897 1876 quod
931 1805 978 1858 si
1012 1805 1194 1858 animo
1238 1806 1460 1856 strenuo
1501 1801 1778 1872 fecissent,
1817 1802 1897 1856 fu-

184 1893 370 1942 turum
418 1889 481 1938 ut
529 1882 826 1937 adversarii
882 1899 993 1934 non
1046 1882 1277 1950 possent
1330 1878 1613 1948 resistere,
1669 1897 1793 1932 cum
1843 1882 1899 1931 et

185 1965 333 2017 intra
389 1961 595 2014 vallum
644 1963 700 2012 et
754 1957 890 2011 foris
948 1956 1315 2009 caederentur.
1392 1953 1494 2006 hac
1551 1972 1607 2007 re
1663 1954 1900 2024 probata

188 2037 488 2094 exercitum
544 2034 755 2103 educit,
810 2031 1314 2085 Mithrobarzanem
1368 2029 1748 2099 persequitur,
1805 2030 1899 2098 qui

187 2118 407 2168 tantum
434 2110 577 2181 quod
611 2110 677 2162 ad
710 2109 898 2161 hostes
931 2108 1270 2177 pervenerat,
1302 2122 1418 2158 cum
1442 2103 1706 2158 Datames
1741 2104 1900 2175 signa

188 2188 379 2244 inferri
419 2187 588 2239 iubet.
651 2183 867 2237 Pisidae
907 2201 1050 2236 nova
1088 2201 1146 2235 re
1189 2180 1449 2234 commoti
1490 2181 1547 2233 in
1588 2179 1901 2250 opinionem

190 2266 530 2320 adducuntur
577 2259 835 2331 perfugas
887 2259 1030 2311 mala
1078 2257 1182 2310 fide
1232 2255 1647 2326 compositoque
1687 2254 1900 2326 fecisse,

191 2345 253 2394 ut
293 2337 500 2408 recepti
541 2335 737 2389 maiori
777 2338 961 2387 essent
995 2332 1316 2386 calamitati.
1379 2331 1618 2400 primum
1653 2349 1744 2384 eos
1779 2331 1902 2384 ado-

193 2417 423 2468 riuntur.
479 2413 562 2465 illi
595 2429 733 2481 cum,
768 2410 897 2479 quid
931 2412 1186 2479 ageretur
1219 2410 1315 2459 aut
1349 2424 1513 2475 quare
1547 2406 1718 2477 fieret,
1750 2405 1903 2477 igno-

195 2494 400 2559 rarent,
451 2488 626 2542 coacti
675 2489 803 2539 sunt
843 2503 964 2538 cum
1005 2484 1072 2536 iis
1120 2500 1387 2553 pugnare,
1429 2481 1495 2534 ad
1544 2500 1679 2551 quos
1728 2484 1904 2534 trans·

196 2567 388 2633 ierant,
428 2565 494 2616 ab
537 2564 712 2632 iisque
758 2564 920 2630 stare,
961 2577 1096 2628 quos
1139 2559 1498 2626 reliquerant:
1541 2557 1737 2626 quibus
1781 2575 1904 2610 cum

198 2640 378 2695 neutri
420 2641 721 2708 parcerent,
763 2636 1013 2690 celeriter
1054 2637 1182 2686 sunt
1215 2633 1432 2686 concisi.
1495 2632 1736 2702 reliquos
1769 2630 1905 2685 Pisi-

199 2717 294 2769 das
337 2715 654 2767 resistentes
687 2713 950 2766 Datames
991 2709 1222 2762 invadit:
1263 2709 1440 2778 primo
1482 2709 1693 2778 impetu
1731 2706 1906 2777 pellit,

200 2791 474 2862 fugientes
509 2788 869 2858 persequitur,
903 2785 1106 2839 multos
1139 2784 1416 2855 interficit,
1450 2787 1631 2837 castra
1660 2782 1906 2836 hostium

143 2881 169 2922 8
203 2866 365 2936 capit.
444 2865 543 2917 tali
592 2864 819 2917 consilio
868 2880 975 2915 uno
1025 2864 1271 2929 tempore
1321 2863 1376 2912 et
1429 2859 1737 2929 proditores
1791 2876 1907 2928 per-

204 2942 338 2996 culit
371 2943 426 2994 et
457 2939 646 2993 hostes
680 2937 1010 3009 profligavit,
1051 2939 1120 3003 et,
1154 2935 1296 3005 quod
1332 2935 1398 2988 ad
1430 2933 1726 3005 perniciem
1752 2951 1907 2986 suam
