2019 3310
182 106 289 159 110
698 100 842 146 XXV.
875 98 1152 146 ATTICUS.
1202 102 1394 144 16—18.

180 228 500 300 aequalibus
551 229 737 280 autem
785 224 898 278 suis
949 223 1011 288 Q.
1058 222 1363 277 Hortensio
1413 225 1470 276 et
1515 219 1590 275 Μ.
1638 219 1903 277 Cicerone

180 306 258 359 sic
305 304 468 372 vixit,
522 306 586 356 ut
632 301 875 354 iudicare
927 299 1159 353 difficile·
1207 299 1304 367 sit,
1361 297 1450 352 cui
1505 297 1680 351 aetati
1733 296 1904 351 fuerit

119 395 143 435 2
179 380 518 451 aptissimus,
585 394 921 447 quamquam
961 394 1087 429 eum
1125 373 1420 445 praecipue
1461 372 1655 427 dilexit
1694 371 1904 443 CicerO,

178 461 242 511 ut
287 475 356 509 ne
403 454 578 507 frater
626 452 849 522 quidem
889 451 940 505 01
981 450 1221 514 Quintus
1263 449 1444 503 carior
1482 448 1654 502 fuerit
1693 451 1791 502 aut
1828 448 1905 501 fa-

119 546 145 586 3
179 530 462 585 miliarior.
520 528 593 582 vei
633 528 713 581 rei
754 530 884 582 sunt
930 526 1134 580 indicio
1187 528 1410 596 praeter
1456 542 1549 579 eos
1596 523 1797 594 libros,
1847 524 1906 576 in

180 607 379 677 quibus
429 606 494 659 de
543 623 606 658 eo
663 603 800 658 facit
856 602 1219 672 mentionem,
1276 601 1370 671 qui
1421 600 1481 654 in
1525 599 1726 671 vulgus
1774 602 1907 652 sunt

180 683 328 752 editi,
369 680 608 735 sedecim
639 679 924 733 volumina
957 678 1337 749 epistularum,
1370 677 1439 730 ab
1466 675 1759 730 consulatu
1787 674 1905 728 01118

178 776 350 828 usque
400 757 470 811 ad
517 759 825 810 extremum
882 758 1103 824 tempus
1160 754 1228 807 ad
1274 753 1531 807 Atticum
1586 752 1906 805 missarum:

180 853 319 905 quae
362 833 457 903 qui
495 833 663 904 legat,
702 850 815 884 non
855 831 1093 883 multum
1134 829 1408 883 desideret
1445 827 1744 882 historiam
1784 845 1908 880 con-

118 928 147 966 4
179 913 393 964 textam
434 927 626 963 eorum
665 911 995 976 temporum.
1068 905 1146 958 sic
1187 905 1335 958 enim
1376 904 1562 958 omnia
1601 903 1667 957 de
1708 902 1907 956 studiis

178 986 513 1056 principum,
568 983 720 1036 vitiis
779 982 1002 1051 ducum,
1057 979 1463 1034 mutationibus
1520 979 1599 1033 rei
1654 978 1908 1049 publicae

179 1062 491 1132 perscripta
531 1062 677 1128 sunt,
716 1061 781 1112 ut
818 1057 960 1111 nihil
1000 1057 1058 1110 in
1099 1056 1177 1111 018
1209 1074 1323 1110 11011
1355 1058 1627 1126 appareat
1658 1058 1715 1107 et
1746 1054 1908 1108 facile

182 1136 490 1191 existimari
529 1135 724 1207 possit,
765 1133 1118 1204 prudentiam
1152 1132 1394 1203 quodam
1426 1131 1591 1185 modo
1624 1148 1744 1184 0880
1777 1129 1909 1183 divi-

179 1214 481 1267 nationem.
559 1230 674 1265 non
713 1210 860 1263 enim
902 1207 1094 1263 Cicero
1137 1227 1201 1262 ea
1250 1207 1454 1277 solum,
1503 1224 1642 1277 quae
1682 1205 1808 1259 vivo
1851 1223 1909 1258 se

183 1289 514 1358 acciderunt,
552 1286 742 1341 futura
774 1285 1065 1356 praedixit,
1106 1285 1202 1338 sed
1235 1284 1420 1354 etiam,
1461 1301 1600 1353 quae
1631 1299 1778 1336 nunc
1806 1299 1912 1335 usu

182 1366 424 1435 veniunt,
466 1363 666 1418 cecinit
705 1366 770 1416 ut
809 1365 978 1415 vates.
1908 1380 1912 1383 ·

96 1442 161 1495 17
332 1440 416 1494 De
463 1440 673 1510 pietate
727 1441 913 1492 autem
961 1436 1142 1491 Attici
1191 1436 1323 1506 quid
1369 1435 1533 1506 plura
1583 1452 1912 1489 commemo—

183 1517 338 1571 rem‘?
418 1535 542 1570 cum
592 1516 699 1568 hoc
747 1515 932 1584 ipsum
980 1531 1106 1567 vere
1155 1512 1491 1584 gloriantem
1539 1511 1807 1565 audierim
1854 1510 1914 1563 in

182 1593 372 1647 funere
414 1591 610 1645 matris
653 1609 797 1659 suae,
840 1608 1006 1660 quam
1047 1589 1247 1642 extulit
1289 1606 1559 1641 annorum
1589 1587 1912 1658 nonaginta,

184 1688 307 1724 cum
348 1670 457 1737 ipse
495 1670 621 1722 esset
660 1669 874 1736 septem
916 1669 972 1718 et
1013 1665 1319 1736 sexaginta,
1360 1682 1417 1716 se
1449 1681 1754 1733 numquam
1787 1680 1913 1716 cum

183 1749 361 1799 matre
395 1744 454 1797 in
487 1743 728 1815 gratiam
760 1741 985 1812 redisse,
1024 1759 1327 1810 numquam
1362 1758 1486 1793 cum
1519 1757 1708 1792 sorore
1739 1737 1913 1791 fuisse

126 1834 150 1873 2
184 1823 242 1875 in
292 1820 600 1890 simultate,
651 1837 818 1888 quam
865 1835 1038 1888 prope
1087 1816 1374 1886 aequalem
1428 1815 1687 1869 habebat.
1767 1813 1915 1884 quod

186 1900 271 1951 est
321 1897 542 1968 signum
591 1899 690 1948 aut
735 1893 947 1947 nullam
994 1911 1259 1962 umquam
1311 1892 1458 1946 inter
1506 1909 1599 1945 008
1642 1889 1914 1961 querimo-

184 1974 336 2027 niam
391 1971 794 2041 intercessisse,
851 1973 947 2023 aut
993 1969 1141 2023 hunc
1194 1987 1258 2022 ea
1311 1967 1482 2022 fuisse
1538 1967 1596 2020 in
1650 1984 1781 2020 suos
1836 1966 1918 2019 in-

186 2048 494 2121 dulgentia,
548 2051 634 2117 ut,
692 2064 828 2116 quos
884 2064 1068 2099 amare
1117 2045 1363 2115 deberet,
1417 2043 1584 2097 irasci
1631 2042 1710 2096 eis
1757 2040 1914 2095 nefas

126 2139 151 2180 3
187 2127 425 2180 duceret.
473 2141 650 2193 neque
674 2123 731 2176 id
756 2121 889 2175 fecit
913 2126 1115 2176 natura
1141 2120 1336 2191 solum,
1364 2137 1699 2190 quamquam
1724 2135 1914 2171 omnes

187 2202 236 2256 ei
275 2218 558 2272 paremUS,
606 2198 701 2252 sed
741 2198 910 2251 etiam
951 2197 1225 2252 doctrina:
1276 2215 1407 2250 nam
1445 2195 1759 2266 principum
1797 2193 1915 2264 phi-

187 2278 548 2348 losophorum
588 2275 669 2329 ita
716 2276 978 2345 percepta
1024 2273 1224 2327 habuit
1268 2274 1587 2344 praecepta,
1633 2273 1698 2324 ut
1735 2268 1804 2323 iis
1846 2268 1916 2322 ad

187 2355 362 2408 vitam
404 2352 690 2424 agendam,
729 2369 842 2404 non
882 2350 950 2403 ad
992 2348 1425 2403 ostentationem
1463 2348 1729 2401 uteretur.

102 2431 168 2484 18
338 2428 512 2482 Moris
556 2428 726 2482 etiam
766 2425 1039 2479 maiorum
1080 2442 1329 2479 summus
1376 2422 1629 2476 imitator
1676 2421 1787 2476 fuit
1826 2439 1916 2474 an-

189 2505 582 2575 tiquitatisque
640 2506 881 2572 amator,
947 2520 1112 2571 quam
1169 2500 1304 2554 adeo
1362 2499 1658 2570 diligenter
1717 2496 1918 2551 habuit

192 2582 498 2653 cognitam,
545 2583 609 2633 ut
657 2597 779 2633 eam
827 2581 1007 2632 totam
1054 2577 1112 2629 in
1160 2595 1223 2629 eo
1267 2575 1544 2629 volumine
1585 2572 1918 2645 exposuerit,

131 2672 157 2710 2
193 2676 300 2728 quo
343 2656 706 2728 magistratus
750 2654 1039 2708 ordinavit.
1102 2651 1256 2705 nulla
1288 2652 1434 2705 enim
1474 2651 1563 2704 lex
1601 2667 1778 2720 neque
1810 2666 1919 2719 pax

190 2752 366 2803 neque
415 2732 624 2785 bellum
671 2749 847 2801 neque
896 2748 982 2784 res
1031 2728 1266 2782 illustris
1308 2730 1395 2781 est
1432 2726 1625 2798 populi
1664 2723 1918 2793 Romani,

194 2828 334 2879 quae
375 2827 488 2862 non
519 2808 577 2860 in
611 2826 673 2861 eo
709 2826 808 2861 suo
843 2810 1093 2875 tempore
1128 2804 1203 2858 sit
1234 2806 1447 2874 notata,
1487 2806 1559 2873 et,
1600 2801 1748 2873 quod
1779 2797 1918 2854 diffi-

193 2885 462 2939 cillimum
510 2882 639 2953 fuit,
690 2883 768 2937 810
807 2881 1144 2936 familiarum
1185 2879 1457 2951 originem
1497 2875 1805 2947 subtexuit,
1855 2877 1919 2928 ut

194 2980 259 3014 ex
301 2979 364 3015 eo
407 2960 682 3014 clarorum
724 2959 968 3013 virorum
1015 2956 1349 3028 propagines
1401 2954 1679 3026 possimus
1720 2968 1919 3024 cogno-

2015 2049 2019 2205 ³

2014 2247 2019 2290 1
