2019 3310
198 146 269 198 58
670 145 768 190 XV.
803 144 1270 190 EPAMINONDAS.
1316 151 1359 191 4.
1394 150 1435 191 5.

197 270 379 339 inquit
427 268 584 339 ‘opus
632 268 864 337 pecunia
910 272 1018 321 est:
1068 287 1196 322 nam
1245 269 1292 321 si
1331 287 1426 321 rex
1472 287 1536 322 ea
1580 269 1722 339 vult,
1770 287 1910 339 quae

197 344 472 397 Thebanis
515 347 644 396 sunt
682 343 865 413 utilia,
914 344 1113 415 gratiis
1153 340 1333 396 facere
1374 362 1496 397 sum
1533 348 1783 414 paratuS,
1823 345 1910 398 sin

197 424 381 472 autem
423 418 721 487 contraria,
767 436 879 471 non
925 419 1094 471 habet
1135 419 1252 471 auri
1295 421 1460 487 atque
1500 419 1715 491 argenti
1757 419 1909 473 satis.

195 513 431 563 namque
474 493 623 545 orbis
665 496 937 546 terrarum
978 494 1198 546 divitias
1240 494 1484 563 accipere
1522 494 1653 548 nolo
1685 513 1785 564 pro
1819 513 1910 565 pa·

139 582 164 620 3
199 570 338 622 triae
381 569 627 622 caritate.
702 571 764 621 tu
804 569 949 637 quod
997 587 1081 622 me
1130 569 1473 640 incognitum
1524 570 1755 622 tentasti
1806 570 1910 623 tui-

200 663 301 713 que
345 644 581 696 similem
630 643 984 712 existimasti,
1030 663 1142 697 non
1189 645 1360 696 miror
1399 644 1613 713 tibique
1651 644 1911 716 ignosc03

200 719 291 771 sed
340 719 596 790 egredere
645 737 892 789 propere,
947 737 1013 772 ne
1063 720 1200 772 alios
1254 737 1596 789 corrumpaS,
1652 737 1775 773 cum
1823 737 1910 773 me

196 813 307 847 non
346 794 610 863 potueris
689 797 745 846 et
784 798 867 863 tu,
915 793 1183 863 Micythe,
1235 798 1526 866 argentum
1564 794 1694 848 huic
1733 795 1911 863 redde,

199 873 309 938 aut,
340 869 448 922 nisi
481 869 534 921 id
562 868 852 922 confestim
889 868 1039 938 faciS,
1073 888 1174 940 ego
1200 873 1255 922 te
1281 869 1497 922 tradam
1523 869 1909 940 magistratui?

138 956 164 994 4
198 944 343 997 hunc
391 943 699 996 Diomedon
749 963 870 997 cum
920 948 1165 1015 rogaret,
1212 947 1276 996 ut
1323 948 1445 998 tuto
1495 945 1641 998 exire
1690 963 1912 1015 suaque,

199 1038 336 1088 quae
386 1019 671 1087 attulerat,
728 1019 918 1072 liceret
967 1019 1179 1089 efferre,
1229 1018 1395 1072 eistud
1444 1019 1681 1089 quidem’
1730 1020 1912 1090 inquit

200 1094 433 1163 ‘faciam,
472 1112 646 1162 neque
689 1097 784 1146 tua
826 1112 1002 1162 causa,
1043 1094 1137 1146 sed
1178 1112 1313 1164 mea,
1352 1113 1436 1164 ne,
1476 1094 1524 1148 si
1563 1095 1669 1148 tibi
1710 1096 1785 1149 sit
1823 1115 1912 1166 pe-

199 1169 357 1222 cunia
405 1169 682 1238 adempta,
736 1168 935 1238 aliquis
984 1169 1131 1222 dicat
1177 1169 1232 1222 id
1273 1169 1342 1222 ad
1380 1188 1466 1223 me
1506 1172 1756 1240 ereptum
1794 1190 1913 1241 per·

139 1256 163 1294 5
199 1244 426 1313 venisse,
461 1244 605 1313 quod
640 1243 883 1297 delatum
918 1244 1163 1314 accipere
1193 1243 1530 1298 noluissem?
1583 1264 1615 1298 a
1647 1264 1754 1315 quo
1788 1265 1913 1300 cum

200 1320 527 1388 quaesisset,
577 1337 683 1388 quo
735 1338 790 1372 se
839 1320 1030 1374 deduci
1070 1320 1259 1389 vellet,
1312 1323 1368 1373 et
1414 1319 1507 1373 ille
1547 1319 1797 1374 Athenas
1838 1321 1913 1374 di-

198 1395 392 1463 xisset,
447 1394 781 1464 praesidium
830 1395 1000 1464 dedit,
1055 1399 1118 1449 ut
1166 1399 1289 1448 tuto
1336 1395 1661 1465 perveniret.
1737 1414 1913 1466 neque

198 1488 327 1522 vero
368 1469 422 1521 id
457 1470 592 1522 satis
626 1469 838 1538 habuit,
878 1470 971 1523 sed
997 1471 1179 1539 etiam,
1218 1474 1282 1523 ut
1313 1470 1611 1524 inviolatus
1636 1471 1695 1525 in
1717 1490 1914 1526 navem

201 1545 528 1612 escenderet,
568 1563 665 1613 per
705 1544 1002 1598 Chabriam
1042 1545 1453 1616 Atheniensem,
1492 1546 1557 1599 de
1598 1565 1707 1616 quo
1748 1565 1915 1617 supra

141 1633 165 1670 6
201 1620 536 1672 mentionem
570 1619 814 1687 fecimus,
849 1620 1042 1673 effecit.
1107 1621 1474 1674 abstinentiae
1499 1621 1606 1674 erit
1637 1622 1743 1675 hoc
1776 1622 1912 1675 satis

200 1695 595 1747 testimonium.
656 1695 893 1764 plurima
928 1696 1146 1764 quidem
1186 1695 1431 1765 proferre
1471 1714 1780 1767 possumus,
1820 1697 1913 1750 sed

201 1770 392 1823 modus
451 1769 788 1823 adhibendus
841 1774 947 1839 est,
1003 1771 1260 1840 quoniam
1317 1789 1425 1824 uno
1481 1771 1586 1825 hoc
1636 1772 1913 1826 volumine

200 1845 372 1897 vitam
429 1845 811 1898 excellentium
867 1846 1111 1899 virorum
1167 1846 1530 1916 complurium
1591 1847 1913 1902 concludere

202 1921 614 1989 constituimuS,
672 1939 904 1989 quorum
955 1939 1036 1975 res
1090 1922 1387 1991 separatim
1443 1922 1632 1976 multis
1689 1923 1913 1977 milibus

201 2013 454 2048 versuum
497 1996 804 2064 complures
846 1997 1142 2066 scriptores
1184 2000 1311 2050 ante
1350 2015 1450 2051 nos
1491 1997 1848 2067 explicarunt.

141 2068 175 2121 5
352 2069 483 2123 Fuit
532 2071 699 2123 etiam
747 2071 1008 2141 disertuS,
1059 2075 1122 2125 ut
1167 2090 1328 2125 nemo
1376 2072 1426 2124 ei
1473 2071 1765 2127 Thebanus
1813 2093 1915 2144 par

202 2149 348 2198 esset
389 2145 730 2215 eloquentia,
772 2165 944 2215 neque
985 2147 1164 2200 minus
1207 2147 1504 2200 concinnus
1544 2148 1602 2200 in
1640 2149 1913 2203 brevitate

142 2232 167 2271 2
202 2220 561 2290 respondendi
589 2239 752 2290 quam
779 2223 833 2273 in
861 2226 1126 2291 perpetua
1151 2222 1398 2276 oratione
1424 2227 1666 2277 ornatus.
1717 2223 1914 2278 habuit

203 2296 632 2349 obtrectatorem
683 2295 1017 2349 Menecliden
1071 2298 1364 2367 quendam,
1415 2297 1652 2351 indidem
1692 2298 1914 2371 Thebis,

203 2375 257 2423 et
283 2371 652 2424 adversarium
687 2372 740 2423 in
770 2372 1201 2425 administranda
1234 2391 1291 2425 re
1323 2373 1557 2442 publica,
1598 2375 1733 2427 satis
1767 2393 1915 2429 exer-

204 2446 432 2499 citatum
490 2447 545 2499 in
601 2446 850 2515 dicendo,
905 2451 967 2498 ut
1014 2446 1333 2501 Thebanum
1385 2448 1616 2502 scilicet:
1679 2468 1914 2521 namque

144 2533 169 2571 3
204 2520 282 2572 illi
327 2521 476 2590 genti
519 2521 642 2590 plus
684 2522 829 2574 inest
870 2522 1064 2574 virium
1102 2541 1263 2591 quam
1307 2523 1528 2594 ingenii.
1592 2525 1638 2576 is
1672 2526 1818 2595 quod
1857 2525 1913 2579 in

203 2614 259 2647 re
302 2597 528 2648 militari
572 2597 764 2649 ssorere
805 2596 1243 2666 Epaminondam
1285 2597 1528 2668 videbat,
1579 2599 1792 2654 hortari
1832 2619 1915 2655 so·

203 2670 354 2722 lebat
393 2670 699 2741 ThebanOS,
739 2675 802 2724 ut
842 2690 1029 2741 pacem
1074 2672 1217 2725 bello
1260 2673 1618 2744 anteferrent,
1656 2694 1724 2730 ne
1764 2675 1913 2730 illius

204 2746 553 2815 imperatoris
596 2765 762 2815 opera
810 2747 1222 2800 desideraretur.
1301 2748 1428 2802 huic
1476 2749 1568 2803 ille
1609 2748 1797 2804 ‘fallis’
1837 2751 1915 2804 in·

205 2821 327 2889 quit
368 2819 554 2873 ‘verbo
596 2822 740 2874 cives
783 2825 924 2891 tuos,
965 2822 1108 2892 quod
1150 2840 1241 2875 eos
1283 2842 1315 2875 a
1354 2823 1500 2878 bello
1541 2842 1762 2880 avocas:
1813 2826 1914 2879 otii

144 2907 169 2946 4
204 2895 349 2948 enim
396 2896 615 2948 nominc
665 2897 986 2950 servitutem
1037 2897 1311 2951 concilias.
1388 2917 1517 2953 nam
1555 2900 1772 2970 paritur
1808 2919 1914 2972 pax

205 2970 365 3023 bello.
445 2970 631 3039 itaque
674 2973 764 3040 qui
809 2990 870 3024 ea
911 2972 1122 3025 diutina
1165 2973 1356 3027 volunt
1403 2973 1534 3040 frui,
1585 2974 1729 3029 bello
1770 2993 1916 3030 exer·

2007 2999 2019 3074 ‚1

1983 3076 2019 3310 1
