2019 3310
214 154 283 207 18
734 152 812 196 IV.
846 149 1201 196 PAUSANIAS.
1251 156 1291 194 4.
1326 155 1368 195 5.

213 276 402 331 eodem
442 276 594 329 missi
645 277 822 342 erant,
873 273 1052 326 vincla
1092 272 1358 342 epistulae
1397 272 1602 326 laxavit
1641 272 1909 344 signoque

213 353 457 405 detracto
494 350 765 420 cognovit,
805 348 852 400 si
883 348 1218 417 pertulisset,
1260 347 1366 400 sibi
1399 365 1518 400 esse
1556 347 1908 417 pereundum.

153 440 180 480 2
215 432 372 480 erant
404 427 459 478 111
493 425 678 476 eadem
712 422 948 492 epistula
989 440 1124 491 quae
1166 422 1232 474 ad
1265 440 1327 474 ea
1365 421 1729 491 pertinebant,
1769 440 1909 491 quae

213 503 355 554 inter
396 518 578 570 regem
618 497 1052 566 Pausaniamque
1095 500 1471 550 convenerant.
1548 496 1647 550 has
1687 496 1780 550 ille
1820 497 1909 550 lit—

153 589 178 628 3
213 580 358 628 teras
401 573 617 642 ephoris
659 571 898 625 tradidit.
961 590 1070 624 non
1111 575 1195 624 est
1234 570 1627 640 praetereunda
1665 572 1906 642 gravitas

213 647 765 703 Lacedaemoniorum
820 647 923 700 hoc
978 647 1114 699 loco.
1192 665 1318 698 nam
1364 665 1431 699 116
1478 645 1640 698 11111113
1689 645 1908 715 quidem

213 724 411 778 indicio
459 722 681 792 impulsi
730 726 859 775 sunt
904 725 968 774 ut
1008 720 1335 773 Pausaniam
1375 719 1908 790 comprehenderent,

212 817 385 868 neque
416 798 568 867 prius
594 797 704 849 vim
738 796 1099 849 adhibendam
1131 799 1478 865 putaverunt,
1512 814 1676 864 quam
1701 813 1758 847 se
1789 794 1908 864 ipse

151 887 179 925 4
212 874 518 927 indicasset.
578 872 763 940 itaque
796 871 923 924 huic
955 870 1135 939 indici,
1176 871 1304 939 quid
1344 871 1463 923 fieri
1501 870 1719 939 vellent,
1758 887 1910 939 prae-

212 951 484 1018 ceperunt.
563 946 749 999 fanum
797 945 1042 1014 Neptuni
1091 948 1175 998 est
1222 945 1475 1014 Taenari,
1523 945 1667 1014 quod
1714 944 1909 997 violari

211 1023 364 1076 nefas
404 1025 602 1091 putant
643 1020 850 1073 Graeci.
926 1038 988 1072 eo
1029 1019 1121 1071 ille
1165 1019 1369 1086 [index]
1412 1018 1660 1091 confugit
1699 1019 1755 1072 in
1796 1037 1909 1071 ara-

214 1117 316 1167 que
359 1096 615 1150 consedit.
694 1095 832 1147 hanc
872 1095 1026 1146 iuxta
1072 1094 1253 1146 locum
1300 1094 1546 1147 fecerunt
1597 1094 1697 1146 sub
1746 1097 1909 1162 terra,

213 1192 276 1225 ex
318 1190 422 1241 quo
463 1173 651 1239 posset
692 1169 956 1237 exaudiri,
1009 1168 1054 1221 si
1097 1169 1217 1237 quis
1259 1168 1389 1237 quid
1428 1169 1746 1238 loqueretur
1786 1187 1909 1222 cum

153 1260 178 1299 5
213 1247 441 1318 Argilio.
510 1245 616 1297 huc
657 1263 720 1296 ex
761 1244 978 1313 ephoris
1029 1243 1249 1311 quidam
1297 1243 1703 1297 descenderunt.
1773 1242 1910 1296 Pau-

213 1323 415 1389 sanias,
454 1324 517 1373 ut
559 1319 767 1372 audivit
806 1319 1083 1389 Argilium
1125 1317 1435 1389 confugisse
1475 1318 1533 1371 in
1572 1335 1746 1387 aram,
1792 1336 1911 1387 per·

212 1397 467 1450 turbatus
508 1395 657 1446 venit
697 1412 773 1446 eo,
854 1412 1014 1462 quem
1066 1411 1187 1445 cum
1238 1393 1538 1462 supplicem
1577 1392 1663 1445 dei
1702 1392 1912 1445 videret

210 1473 267 1524 in
309 1489 402 1524 ara
442 1469 734 1536 sedentem,
776 1468 1011 1537 quaerit,
1053 1486 1246 1520 causae
1288 1468 1416 1536 quid
1458 1468 1531 1519 sit
1570 1470 1685 1520 tam
1725 1485 1912 1537 repen·

212 1547 314 1599 tini
364 1544 590 1599 consilii.
670 1544 795 1596 huic
843 1543 956 1610 ille,
1009 1543 1137 1611 quid
1185 1561 1249 1594 ex
1296 1542 1497 1594 litteris
1540 1542 1911 1610 comperisset,

154 1633 178 1672 6
213 1621 404 1691 aperit.
467 1637 573 1688 quo
608 1619 781 1688 magis
817 1618 1113 1670 Pausanias
1146 1617 1500 1686 perturbatus
1534 1634 1688 1669 orare
1714 1616 1910 1685 coepit,

212 1715 279 1750 ne
304 1694 615 1749 enuntiaret
646 1712 750 1746 neu
788 1711 843 1745 se
879 1693 1133 1745 meritum
1166 1693 1230 1744 de
1263 1692 1359 1744 illo
1393 1691 1598 1760 optime
1631 1690 1908 1760 proderet:

216 1771 406 1841 quodsi
449 1788 567 1822 eam
601 1768 814 1821 veniam
849 1768 951 1820 sibi
986 1767 1224 1820 dedisset
1256 1766 1534 1836 tantisque
1566 1765 1908 1835 implicatum

214 1847 376 1899 rebus
418 1844 772 1911 sublevasset,
814 1861 1010 1913 magno
1052 1842 1099 1894 61
1141 1842 1381 1911 praemio
1422 1840 1683 1895 futurum.

155 1920 188 1973 5
363 1918 464 1972 His
498 1919 658 1971 rebus
693 1918 882 1987 ephori
916 1917 1150 1988 cognitis
1185 1917 1357 1970 satius
1390 1918 1654 1985 putarunt
1686 1915 1743 1968 in
1776 1916 1909 1968 urbe

215 2015 338 2049 eum
378 1993 775 2063 comprehendi.
856 2011 961 2062 quo
1003 2011 1124 2045 cum
1166 1995 1350 2044 essent
1400 1990 1630 2060 profecti
1680 1993 1735 2042 et
1775 1988 1911 2043 Pau-

216 2071 395 2124 sanias
437 2070 651 2138 placato
688 2068 917 2138 Argilio,
958 2071 1018 2120 ut
1050 2067 1297 2135 putabat,
1338 2064 1799 2118 Lacedaemonem
1833 2082 1910 2117 re-

215 2148 541 2212 verteretur,
589 2143 645 2195 in
693 2143 909 2211 itinere,
958 2161 1079 2195 cum
1129 2142 1236 2194 iam
1283 2141 1340 2194 in
1380 2159 1442 2192 eo
1484 2144 1629 2204 esset
1667 2143 1730 2192 ut
1769 2156 1910 2192 com·

216 2219 661 2290 prehenderetur,
718 2236 779 2269 ex
833 2218 986 2269 vultu
1042 2217 1320 2270 cuiusdam
1371 2215 1583 2284 ephori,
1639 2213 1732 2283 qui
1788 2232 1910 2266 eum

158 2308 183 2346 ‘2
219 2294 496 2349 admoneri
529 2293 798 2362 cupiebat,
831 2292 1053 2344 insidias
1089 2292 1193 2344 sibi
1227 2290 1343 2343 fieri
1376 2289 1661 2342 intellexit.
1725 2289 1911 2357 itaque

219 2371 402 2440 paucis
446 2373 569 2421 ante
610 2367 892 2439 gradibu8‚
934 2385 1094 2435 quam
1136 2365 1227 2434 qui
1268 2383 1392 2417 eum
1432 2364 1815 2433 sequebantur,
1855 2363 1909 2416 in

220 2446 403 2497 aedem
453 2443 749 2510 Minervae,
791 2460 925 2510 quae
967 2440 1305 2494 Chalcioicos
1346 2442 1593 2507 vocatur,
1649 2437 1911 2508 confugit.

219 2520 345 2572 hinc
386 2538 450 2570 ne
493 2519 636 2570 exire
677 2521 878 2587 posset,
923 2516 1111 2568 statim
1153 2515 1340 2584 ephori
1383 2514 1566 2566 valvas
1609 2513 1721 2565 eius
1763 2512 1911 2566 aedis

221 2594 610 2647 obstruxerunt
659 2596 969 2660 tectumque
1019 2595 1146 2642 sunt
1195 2588 1465 2657 demoliti,
1525 2606 1629 2657 quo
1683 2587 1912 2641 celerius

163 2682 187 2720 3
222 2669 323 2721 sub
365 2669 486 2720 divo
541 2668 802 2719 interiret.
879 2666 1078 2718 dicitur
1119 2684 1180 2715 eo
1224 2668 1466 2732 tempore
1510 2666 1740 2715 matrem
1779 2661 1912 2715 Pau-

223 2743 403 2796 saniae
447 2743 642 2793 vixisse
684 2758 908 2810 eamque
949 2741 1055 2792 iam
1099 2756 1295 2809 magno
1337 2742 1484 2806 natu,
1523 2741 1816 2807 postquam
1848 2734 1913 2788 de

225 2818 422 2872 scelere
465 2817 560 2868 filii
604 2817 883 2884 comperit,
924 2815 978 2868 in
1020 2814 1208 2883 primis
1253 2813 1317 2865 ad
1352 2814 1524 2865 filium
1559 2809 1912 2866 claudendum

164 2911 186 2948 4
223 2891 457 2963 lapidem
500 2891 563 2943 ad
607 2891 890 2943 introitum
933 2889 1077 2943 aedis
1121 2888 1386 2941 attulisse.
1449 2888 1538 2941 hic
1570 2903 1693 2941 cum
1724 2884 1914 2939 semia-

224 2967 386 3021 nimis
426 2966 489 3018 de
531 2967 735 3033 templo
770 2967 943 3018 elatus
978 2967 1136 3029 63361,
1178 2964 1465 3016 confestim
1497 2961 1734 3016 animam
1770 2958 1915 3013 effla-
