2164 3358
648 131 727 177 IV.
764 131 1128 179 PAUSANIAS.
1179 138 1312 180 2—4.
1778 136 1845 189 17

106 254 338 331 cognita
377 255 617 311 alacrior
657 258 723 312 ad
767 277 884 313 rem
925 258 1225 331 gerendam
1266 258 1449 313 factus
1491 260 1549 313 in
1582 260 1849 331 suspicio-

105 350 235 388 nem
275 332 477 388 cecidit
510 332 1090 390 Lacedaemoniorum.
1156 354 1265 406 quo
1309 335 1457 390 facto
1500 336 1726 391 domum
1767 357 1848 392 re·

106 411 355 480 vocatus,
400 414 693 465 accusatus
735 410 935 482 capitis
977 410 1304 483 absolvitur,
1347 413 1619 467 multatur
1659 418 1847 468 tamen

106 486 357 559 pecunia,
398 504 566 558 quam
598 487 671 542 ob
696 505 921 541 causam
948 487 1016 541 ad
1043 487 1279 542 classem
1306 489 1571 544 remissus
1604 509 1716 544 non
1743 494 1844 544 est.

0 618 2 629 ‚
260 563 341 617 At
379 562 474 617 ille
514 566 644 635 post
683 581 795 617 non
836 563 1014 618 multo
1057 582 1158 618 sua
1199 569 1398 635 sponte
1440 567 1507 620 ad
1540 567 1845 621 exercitum
1880 569 1914 623 3

0 642 2 647 ’
107 639 275 695 rediit
314 642 372 694 et
411 638 490 693 ibi
528 657 642 694 non
673 639 893 710 stolida,
935 640 1030 694 sed
1071 641 1314 696 dementi
1348 643 1563 696 ratione
1597 643 1847 716 cogitata

106 715 397 789 patefecit:
450 732 563 769 non
603 715 751 769 enim
792 735 976 771 mores
1016 718 1232 788 patrios
1275 719 1479 790 solum,
1529 720 1625 774 sed
1674 720 1845 774 etiam

106 793 320 849 cultum
345 790 721 862 vestitumque
748 793 1002 847 mutavit.
1069 799 1341 866 apparatu
1375 795 1530 868 regio
1563 798 1844 868 utebatur,
1879 814 1907 853 2

106 873 260 927 veste
291 866 530 938 Medica3
569 868 844 924 satellites
878 869 1026 924 Medi
1060 874 1118 925 et
1141 870 1409 945 Aegyptii
1443 873 1845 945 sequebantur3

105 944 439 1019 epulabatur
478 963 632 999 more
673 945 970 1001 Persarum
1012 947 1367 1020 luxuriosius,
1409 967 1576 1021 quam
1619 950 1714 1021 qui
1756 950 1846 1003 ad·

103 1024 264 1077 erant
293 1020 511 1093 perpeti
540 1027 795 1094 possent3
835 1024 1050 1078 aditum
1076 1026 1399 1096 petentibus
1427 1026 1841 1095 [conveniundi]
1877 1044 1904 1084 3

99 1116 214 1154 non
254 1097 440 1168 dabat,
480 1099 717 1169 superbe
751 1101 1139 1172 respondebat,
1180 1103 1479 1157 crudeliter
1514 1103 1843 1174 imperabat.

103 1173 368 1248 Spartam
418 1174 597 1230 redire
644 1176 896 1248 nolebat3
954 1176 1218 1249 Colonen-S,
1268 1180 1362 1250 qui
1412 1179 1566 1234 locus
1607 1179 1665 1233 in
1705 1198 1841 1253 agro

100 1250 318 1307 Troade
366 1255 476 1321 est,
531 1271 590 1306 se
638 1254 979 1326 contulerat3
1034 1254 1112 1308 ibi
1162 1256 1395 1310 consilia
1448 1275 1574 1311 cum
1626 1258 1842 1326 patriae

102 1331 224 1384 tum
257 1328 367 1384 sibi
400 1328 627 1384 inimica
659 1331 930 1402 capiebat.
995 1331 1051 1385 id
1083 1335 1382 1402 postquam
1417 1331 1840 1387 Lacedaemonii
1875 1351 1902 1389 4

101 1406 426 1476 rescierunt,
467 1404 685 1478 legatos
719 1426 844 1461 cum
880 1408 1036 1461 clava
1069 1409 1137 1461 ad
1171 1427 1297 1462 eum
1329 1409 1616 1480 miserunt,
1648 1410 1705 1463 in
1732 1428 1843 1481 qua

101 1501 256 1539 more
295 1481 521 1537 illorum
555 1487 676 1538 erat
710 1484 1006 1554 scriptum:
1047 1485 1156 1538 nisi
1194 1485 1420 1540 domum
1455 1490 1841 1557 reverteretur,

101 1578 161 1616 se
211 1559 413 1631 capitis
465 1575 592 1613 eum
647 1559 1023 1615 damnaturos
1103 1561 1208 1617 hoc
1255 1563 1454 1617 nuntio
1511 1567 1841 1634 commotuS,
1874 1581 1901 1620 5

99 1654 331 1710 sperans
362 1654 423 1691 se
456 1635 752 1692 etiamtum
786 1638 1022 1709 pecunia
1055 1642 1112 1692 et
1147 1640 1403 1710 potentia
1442 1640 1659 1694 instans
1701 1641 1840 1710 peri-

98 1713 286 1771 culum
325 1731 491 1785 posse
540 1713 837 1786 depellere,
886 1714 1111 1770 domum
1161 1716 1339 1769 rediit.
1420 1716 1527 1771 huc
1568 1720 1632 1769 ut
1672 1717 1840 1784 venit,

98 1791 170 1848 ab
212 1789 436 1863 ephoris
477 1789 535 1843 in
576 1790 759 1846 vincla
798 1791 1023 1864 publica
1056 1795 1144 1846 est
1176 1793 1483 1848 coniectus:
1526 1793 1657 1847 licet
1691 1794 1838 1847 enim

98 1866 319 1942 legibus
370 1884 564 1922 eorum
616 1869 792 1922 cuivis
846 1869 1055 1940 ephoro
1108 1869 1214 1924 hoc
1267 1869 1446 1924 facere
1496 1870 1629 1942 regi.
1710 1870 1838 1924 hinc

99 1948 288 2000 tamen
319 1962 379 1999 se
411 1943 706 2016 expedivit,
738 1963 916 2017 neque
943 1964 1007 1999 eo
1035 1946 1215 2019 magis
1241 1947 1469 2001 carebat
1499 1947 1836 2018 suspicione:

97 2039 228 2078 nam
261 2021 450 2093 opinio
483 2021 749 2076 manebat
781 2041 907 2077 eum
941 2042 1066 2078 cum
1101 2041 1231 2096 rege
1260 2023 1466 2078 habere
1493 2024 1834 2078 societatem.

96 2102 186 2155 est
224 2115 401 2172 genus
442 2098 719 2170 quoddam
768 2099 1082 2170 hominum,
1132 2100 1278 2171 quod
1319 2099 1547 2156 Hilotae
1590 2105 1834 2170 vocatur,
1869 2119 1896 2157 6

98 2193 334 2248 quorum
360 2192 565 2248 magna
590 2176 892 2232 multitudo
919 2195 1084 2248 agros
1107 2176 1673 2232 Lacedaemoniorum
1700 2177 1837 2230 colit

100 2269 494 2325 nervorumque
552 2271 778 2308 munere
835 2254 1103 2326 fungitur.
1194 2254 1296 2309 hos
1356 2273 1574 2326 quoque
1634 2254 1834 2307 sollici·

100 2329 221 2384 tare
269 2347 368 2401 spe
422 2328 704 2384 libertatis
758 2331 1202 2385 existimabatur.
1284 2331 1378 2385 sed
1432 2331 1578 2402 quod
1635 2330 1832 2385 harum
1868 2346 1893 2385 7

100 2421 285 2460 rerum
321 2406 538 2462 nullum
578 2411 701 2461 erat
741 2412 996 2479 apertum
1039 2408 1263 2477 crimen,
1306 2427 1414 2478 quo
1450 2407 1676 2479 coargui
1711 2426 1834 2478 pos-

101 2483 203 2553 set,
231 2498 344 2537 non
374 2482 652 2555 putabant
684 2484 750 2538 de
785 2485 885 2539 tali
922 2489 1146 2555 tamque
1181 2485 1332 2539 claro
1359 2485 1477 2537 viro
1509 2483 1834 2554 suspicioni-

100 2558 205 2612 bus
243 2563 501 2629 oportere
548 2560 780 2616 iudicari
831 2566 889 2616 et
930 2562 1387 2632 exspectandum,
1440 2560 1570 2614 (lum
1612 2579 1670 2614 se
1711 2561 1833 2631 ipsa

100 2653 187 2689 res
227 2652 262 2688 a
364 2633 376 2645 ‘
411 2639 483 2691 et.

281 2710 484 2767 nterim
538 2712 790 2788 Argilius
848 2715 1073 2786 quidam
1132 2713 1608 2783 adulescentulus,
1667 2732 1830 2783 quem
1864 2716 1897 2768 4

0 2745 28 2878 ἱ
95 2805 330 2861 puerum
372 2785 675 2846 Pausanias
717 2810 904 2847 amore
946 2792 1168 2846 venerio
1211 2791 1502 2876 dilexerat,
1555 2808 1680 2845 cum
1721 2790 1830 2874 epi-

0 2913 20 2982 ι
94 2864 312 2998 «Ἢ.
337 2863 609 2996 “52:322ss
632 2866 982 3015 mea
1009 2871 1827 3014 3052823222212223212323,

0 2980 18 3077 i.
94 3017 244 3091 quod
296 3035 461 3073 nemo
517 3035 709 3073 eorum
764 3021 1023 3093 redisset,
1081 3021 1173 3092 qui
1235 3022 1424 3091 [super
1481 3020 1579 3073 tali
1639 3022 1824 3085 causa]

0 3127 20 3158 2
186 3113 423 3151 oenum·
448 3115 483 3149 N
486 3123 596 3150 ooooo
1525 3113 1552 3153 2
