2164 3358
628 147 797 195 XVIII.
832 147 1141 195 EUMENES.
1193 151 1325 194 3-5.
1779 149 1848 201 73

108 274 365 347 micaret,
414 293 523 347 quo
572 275 699 347 plus
740 275 988 345 valebat,
1037 291 1203 344 quam
1253 272 1530 344 peditatu,
1581 291 1690 343 quo
1734 281 1853 328 erat

107 351 366 409 deterior.

262 427 514 494 Quorum
556 428 827 484 acerrimo
869 444 1143 482 concursu
1179 445 1303 481 cum
1338 444 1600 499 magnam
1633 430 1852 498 partem
1886 428 1923 482 4

106 504 218 563 diei
258 510 410 562 esset
455 508 793 579 pugnatum,
842 503 992 558 cadit
1032 501 1295 559 Crateros
1347 503 1455 558 dux
1506 507 1563 558 et
1603 501 1851 574 Neopto-

104 582 303 655 lemus,
343 582 439 655 qui
480 582 781 638 secundum
814 581 1000 636 locum
1033 580 1255 652 imperii
1289 581 1532 635 tenebat.
1588 599 1713 635 cum
1746 580 1853 635 hoc

108 660 393 716 concurrit
438 660 558 732 ipse
598 657 893 713 Eumenes.
975 657 1070 728 qui
1113 676 1238 712 cum
1288 657 1435 712 inter
1477 676 1534 712 se
1578 658 1852 729 complexi
1887 670 1914 711 2

107 737 167 792 in
206 741 415 793 terram
456 754 523 791 ex
563 735 720 806 equis
755 734 1106 805 decidissent,
1146 737 1211 788 ut
1245 733 1407 788 facile
1443 734 1698 807 intellegi
1731 753 1855 806 pos-

109 818 235 869 sent
265 813 494 869 inimica
525 815 713 867 mente
748 810 1101 866 contendisse
1138 811 1434 881 animoque
1469 812 1651 883 magis
1683 813 1855 866 etiam

106 908 389 965 pugnasse
446 907 615 961 quam
672 907 935 960 corpore,
998 906 1111 942 non
1174 889 1330 959 prius
1392 887 1651 942 distracti
1708 892 1855 959 sunt,

109 986 276 1040 quam
308 967 548 1022 alterum
581 966 767 1021 anima
793 966 1146 1037 relinqueret.
1190 965 1259 1019 ab
1293 965 1401 1020 hoc
1428 965 1645 1036 aliquot
1670 965 1854 1037 plagis

105 1043 387 1100 Eumenes
436 1043 785 1115 vulneratur,
832 1061 1011 1114 neque
1062 1061 1125 1097 eo
1169 1043 1350 1114 magis
1393 1061 1460 1097 ex
1513 1041 1727 1113 proelio
1770 1061 1855 1096 ex-

107 1121 302 1193 cessit,
351 1120 447 1177 sed
496 1121 679 1176 acrius
728 1120 920 1175 hostes
962 1119 1189 1173 institit.
1269 1119 1360 1173 hic
1403 1119 1687 1191 equitibus
1731 1138 1855 1191 pro·
1890 1131 1915 1171 3

107 1198 346 1272 fligatis,
394 1197 693 1253 interfecto
736 1197 872 1252 duce
915 1194 1174 1268 Cratero,
1223 1196 1416 1250 multis
1467 1200 1759 1267 praeterea
1800 1201 1856 1251 et

107 1276 348 1331 maxime
388 1275 672 1330 nobilibus
715 1275 893 1345 captis
936 1273 1195 1345 pedester
1246 1273 1547 1344 exercituS,
1602 1273 1748 1344 quod
1800 1273 1857 1326 in

108 1371 174 1408 ea
219 1353 345 1409 loca
393 1355 516 1407 erat
564 1351 857 1422 deductus,
914 1354 977 1404 ut
1026 1350 1202 1404 invito
1246 1349 1497 1405 Eumene
1548 1350 1695 1404 elabi
1744 1369 1857 1404 non

106 1433 324 1503 posset,
370 1448 566 1501 pacem
607 1428 676 1483 ab
719 1447 783 1483 eo
825 1427 1005 1500 petiit.
1088 1445 1255 1498 quam
1305 1446 1431 1482 cum
1480 1427 1857 1498 impetrasset,

107 1507 167 1562 in
206 1506 313 1562 fide
351 1525 466 1561 non
507 1505 714 1560 mansit
755 1508 811 1560 et
852 1523 938 1576 se,
992 1504 1225 1559 simulac
1266 1504 1470 1576 potuit,
1514 1504 1582 1558 ad
1625 1503 1850 1575 Antipa-

107 1588 260 1639 trum
300 1583 525 1655 recepit.
597 1581 877 1638 Eumenes
920 1580 1215 1638 Craterum
1258 1600 1323 1636 ex
1369 1582 1485 1635 acie
1528 1581 1857 1636 semivivum
1891 1592 1918 1633 4

107 1660 321 1716 elatum
361 1678 611 1716 recreare
655 1659 894 1731 studuit3
952 1677 1077 1713 cum
1120 1658 1175 1712 id
1216 1677 1328 1713 non
1369 1662 1579 1730 posset,
1619 1676 1720 1730 pro
1762 1657 1858 1712 ho-

108 1737 275 1792 minis
317 1736 594 1811 dignitate
635 1755 849 1808 proque
890 1736 1133 1808 pristina
1175 1735 1425 1790 amicitia
1460 1733 1724 1807 (namque
1758 1734 1857 1789 illo

106 1832 243 1869 usus
293 1817 417 1870 erat
455 1813 774 1869 Alexandro
825 1813 950 1867 vivo
1002 1810 1382 1885 familiariter)
1426 1812 1613 1898 amplo
1664 1811 1857 1866 funere

110 1891 315 1947 extulit
363 1908 600 1962 ossaque
650 1891 708 1945 in
749 1889 1138 1945 Macedoniam
1187 1889 1348 1944 uxori
1400 1889 1517 1944 eius
1560 1907 1623 1943 ac
1664 1889 1856 1943 liberis

108 1968 346 2024 remisit.

262 2043 418 2100 Haec
452 2044 584 2099 dum
611 2045 756 2116 apud
782 2043 1215 2114 Hellespontum
1243 2046 1530 2116 geruntur,
1563 2042 1854 2097 Perdiccas
1891 2039 1925 2095 5

109 2121 258 2195 apud
283 2119 480 2176 Nilum
520 2121 728 2177 flumen
769 2121 1109 2176 interficitur
1143 2140 1175 2174 a
1209 2118 1442 2175 Seleuco
1477 2124 1534 2175 et
1561 2120 1857 2191 Antigene,

108 2216 407 2270 rerumque
465 2216 683 2253 summa
740 2198 808 2252 ad
858 2198 1223 2269 Antipatrum
1282 2196 1542 2253 defertur.
1623 2197 1712 2250 hic
1763 2195 1856 2265 qui

110 2293 217 2332 non
264 2275 647 2347 deseruerant,
704 2275 951 2330 exercitu
1010 2274 1338 2347 suffragium
1393 2273 1605 2329 ferente
1657 2272 1856 2342 capitis

113 2351 374 2408 absentes
404 2352 758 2423 damnantur,
799 2352 855 2406 in
890 2352 970 2406 eis
1004 2351 1301 2406 Eumenes.
1367 2351 1470 2406 hac
1513 2351 1605 2403 ille
1648 2349 1857 2420 percul-

115 2445 209 2483 sus
255 2429 425 2502 plaga
470 2447 585 2484 non
634 2429 930 2484 succubuit
970 2447 1149 2500 neque
1192 2447 1255 2484 eo
1300 2429 1473 2482 setius
1516 2427 1727 2480 bellum
1769 2426 1858 2480 ad·

115 2503 471 2561 ministravit.
544 2506 640 2561 sed
682 2506 853 2562 exiles
905 2524 991 2560 res
1035 2506 1205 2560 animi
1249 2503 1708 2576 magnitudinem,
1750 2503 1856 2556 etsi

113 2599 228 2636 non
266 2578 628 2655 frangebant,
679 2588 868 2638 tamen
910 2583 1252 2637 minuebant.
1332 2582 1478 2635 hunc
1520 2598 1857 2651 persequens
1893 2591 1918 2629 ‘2

114 2656 469 2730 Antigonus,
532 2677 658 2714 cum
716 2661 868 2714 omni
933 2678 1134 2732 genere
1193 2659 1477 2728 copiarum
1537 2657 1858 2723 abundaret,

115 2752 281 2806 saepe
322 2733 380 2788 in
419 2702 718 2791 itineribus
759 2737 1084 2806 vexabatur,
1124 2754 1301 2805 neque
1345 2753 1611 2804 umquam
1646 2733 1713 2787 ad
1750 2751 1857 2785 ma-

114 2829 250 2867 num
284 2809 543 2865 accedere
576 2811 784 2867 licebat
808 2813 917 2867 nisi
943 2813 1012 2866 iis
1040 2813 1194 2881 lociS,
1237 2811 1438 2881 quibus
1465 2811 1629 2881 pauci
1665 2809 1856 2863 multis

115 2890 352 2960 possent
384 2886 661 2942 resistere.
725 2888 820 2943 sed
854 2893 1104 2944 extremo
1149 2892 1416 2958 tempore,
1458 2906 1583 2942 cum
1625 2885 1856 2941 consilio
1892 2898 1913 2934 3

117 2964 241 3036 capi
264 2982 378 3019 non
402 2966 612 3034 posset,
636 2964 995 3019 multitudine
1022 2965 1347 3019 circumitus
1374 2967 1474 3018 est.
1515 2964 1645 3017 hinc
1672 2967 1855 3014 tamen

114 3040 311 3096 multis
354 3040 468 3095 suis
511 3039 733 3094 amissis
775 3057 833 3096 se
866 3041 1147 3113 expedivit
1180 3044 1237 3094 et
1269 3041 1326 3095 in
1361 3041 1652 3096 castellum
1689 3037 1858 3105 Phry-
