2164 3358
588 157 757 205 xxm.
791 153 1133 202 HANNIBAL.
1183 155 1316 198 3—5.
1751 146 1818 199 91

85 291 239 363 feeit,
276 288 482 344 itinera
522 286 752 354 muniit,
791 281 976 338 effecit
1014 282 1080 332 ut
1120 295 1184 331 ea
1225 274 1555 355 elephantus
1598 273 1829 325 ornatus

86 374 170 430 ire
207 369 418 442 posset,
451 382 568 436 ⁴qua
608 366 772 416 antea
811 376 953 413 unus
994 355 1164 410 homo
1205 351 1434 406 inermis
1475 349 1566 403 vix
1607 349 1834 418 poterat

89 463 300 522 repere.
360 442 470 498 hac
509 439 700 511 copias
741 433 994 490 traduxit
1033 431 1091 485 in
1132 428 1469 499 Italiamque
1510 422 1780 497 pervenit.

243 518 587 578 Conflixerat
626 512 772 586 apud
805 508 1140 566 Rhodanum
1181 524 1307 561 cum
1341 503 1401 558 P.
1426 500 1686 559 Cornelio
1722 496 1836 554 Sci·
1868 496 1902 551 4

90 602 258 676 pione
315 594 541 653 consule
597 606 833 660 eumque
858 584 1198 660 pepulerat.
1294 599 1418 636 cum
1478 579 1585 633 hoc
1641 574 1837 630 eodem

93 673 356 736 Clastidii
404 667 551 743 apud
598 665 814 722 Padum
872 661 1122 717 decernit
1178 658 1539 727 sauciumque
1596 653 1725 708 inde
1775 668 1839 705 ac

94 756 357 829 fugatum
395 744 649 804 dimittit.
713 739 884 796 tertio
925 739 1073 792 idem
1109 734 1296 807 Scipio
1340 751 1466 789 cum
1508 730 1726 802 collega
1756 726 1839 782 Ti.
1873 738 1900 779 ‘2

94 831 294 904 Longo
349 822 498 898 apud
543 818 803 876 Trebiam
853 815 1118 871 adversus
1167 830 1293 867 eum
1342 809 1509 864 venit.
1590 825 1715 862 cum
1769 804 1838 858 iis

98 922 327 965 manum
365 896 673 967 conseruit,
719 898 989 963 utrosque
1031 887 1369 963 profligavit.
1449 884 1575 939 inde
1616 901 1715 955 per
1755 879 1843 934 Li·

207 999 267 1038 es
306 974 703 1051 Appenninum
744 969 987 1038 transiit,
1030 970 1227 1039 petens
1268 963 1573 1019 Etruriam.
1637 959 1744 1013 hoc
1786 958 1844 1010 in
1878 969 1903 1009 3

98 1061 300 1119 itinere
333 1054 470 1110 adeo
504 1049 662 1125 gravi
697 1048 893 1103 morbo
929 1044 1173 1101 afficitur
1207 1040 1512 1110 oculorum,
1553 1040 1618 1091 ut
1649 1037 1845 1107 postea

99 1151 406 1207 nmquam
448 1130 643 1185 dextro
685 1143 857 1196 aeque
900 1123 1037 1177 bene
1070 1138 1204 1174 usus
1239 1118 1330 1172 sit.
1388 1134 1498 1187 qua
1530 1111 1847 1167 valetudine

103 1232 231 1273 cum
262 1210 570 1266 etiamnum
611 1204 957 1276 premeretur
997 1198 1307 1266 lecticaque
1342 1192 1598 1261 ferretur,
1640 1187 1699 1244 C.
1725 1185 1849 1241 Fla-

103 1289 342 1348 minium
389 1281 674 1341 consulem
723 1277 869 1350 apud
916 1275 1360 1330 Trasumennum
1420 1287 1545 1323 cum
1602 1263 1850 1320 exercitu

105 1364 325 1425 insidiis
351 1361 791 1419 circumventum
817 1353 1036 1421 occidit,
1062 1368 1238 1421 neque
1267 1346 1445 1402 multo
1472 1347 1604 1416 post
1628 1340 1688 1397 C.
1714 1339 1851 1396 Cen-

106 1443 323 1501 tenium
362 1440 677 1511 praetorem
720 1450 845 1487 cum
888 1429 1103 1484 delecta
1145 1444 1310 1480 manu
1363 1422 1541 1475 saltus
1584 1434 1884 1488 occupans

108 1526 241 1578 tem.
294 1516 427 1573 hinc
451 1513 510 1568 in
534 1510 584 1567 A
626 1510 798 1565 uliam
824 1505 1093 1579 pervenit.
1149 1503 1228 1557 ibi
1256 1500 1480 1555 obviam
1507 1497 1556 1552 ei
1584 1495 1855 1549 venerunt
1887 1507 1914 1544 4

521 1633 536 1660 ,
575 1530 636 1643 ὃ.
667 1585 963 1641 Terentius
1005 1585 1063 1636 et
1103 1579 1163 1634 L.
1211 1576 1497 1635 Aemilius'.
1561 1572 1854 1641 utriusque

110 1671 388 1731 exercitus
426 1684 541 1722 uno
581 1663 796 1736 proelio
837 1658 1073 1733 fugavit,
1115 1655 1352 1711 Paulum
1395 1651 1678 1707 consulem
1718 1646 1857 1701 occi-

112 1750 198 1807 dit
238 1751 297 1805 et
336 1745 555 1816 aliquot
593 1743 886 1813 praeterea
925 1734 1269 1802 consulares,
1316 1731 1371 1783 in
1416 1729 1494 1781 eis
1538 1726 1634 1782 Cn.
1680 1723 1857 1779 Servi-

113 1827 256 1883 lium
294 1820 618 1888 Geminum,
658 1816 750 1888 qui
794 1813 1080 1885 superiore
1123 1828 1266 1864 anno
1308 1807 1493 1861 fuerat
1534 1801 1743 1858 consul.

265 1898 390 1956 Hac
428 1913 620 1970 pugna
658 1895 909 1966 pugnata
952 1889 1190 1943 Romam
1240 1882 1525 1956 profectus
1575 1879 1730 1934 nullo
1781 1894 1859 1930 re·
1893 1875 1927 1928 5

117 1980 352 2036 sistente
383 1975 442 2030 in
473 1970 804 2046 propinquis
838 1967 961 2022 urbi
993 1963 1277 2019 montibus
1305 1962 1557 2015 moratus
1584 1960 1684 2010 est.
1734 1972 1858 2008 cum

118 2056 337 2127 aliquot
381 2049 464 2106 ibi
511 2048 629 2104 dies
679 2049 865 2101 castra
903 2042 1196 2098 habuisset
1236 2042 1293 2092 et
1334 2035 1582 2107 Capuam
1625 2034 1860 2086 reverte-

117 2136 290 2201 retur,
330 2127 396 2194 Q.
419 2125 628 2182 Fabius
661 2122 957 2189 Maximu8‚
998 2119 1241 2172 dictator
1281 2113 1585 2180 RomanuS‚
1626 2110 1680 2162 in
1725 2123 1859 2178 agro

119 2208 360 2267 Falerno
402 2203 453 2259 ei
494 2220 552 2258 se
593 2200 815 2257 obiecit.
894 2197 984 2252 hic
1027 2195 1249 2250 clausus
1289 2191 1540 2245 locorum
1584 2182 1860 2252 angustiis
1895 2195 1922 2236 2

119 2288 293 2344 noctu
332 2282 450 2337 sine
490 2277 607 2335 ullo
647 2276 984 2332 detrimento
1028 2270 1303 2326 exercitus
1346 2285 1404 2322 se
1446 2261 1727 2334 expedivit
1760 2258 1863 2312 Fa-

121 2362 342 2434 bioque,
381 2353 744 2413 callidissimo
785 2348 1128 2422 imperatori,
1169 2345 1323 2400 dedit
1363 2341 1544 2396 verba.
1625 2353 1863 2406 namque

125 2436 368 2495 obducta
402 2435 570 2490 nocte
610 2431 894 2486 sarmenta
933 2427 990 2481 in
1032 2423 1292 2480 cornibus
1336 2421 1691 2473 iuvencorum
1736 2411 1866 2466 deli·

125 2517 262 2590 gata
297 2509 547 2568 incendit
585 2507 815 2578 eiusque
864 2502 1083 2577 generis
1133 2496 1551 2554 multitudinem
1603 2506 1865 2561 magnam

126 2587 465 2662 dispalatam
502 2583 755 2641 immisit.
837 2599 946 2653 quo
988 2576 1279 2650 repentino
1322 2573 1444 2626 visu
1487 2569 1708 2623 obiecto
1751 2570 1869 2619 tan·

127 2671 251 2723 tum
290 2667 561 2720 terrorem
599 2659 793 2716 iniecit
832 2656 1099 2713 exercitui
1136 2652 1534 2716 Romanorum,
1574 2648 1640 2698 ut
1680 2640 1867 2714 egredi

128 2746 289 2800 extra
327 2737 536 2795 vallum
573 2754 738 2793 nemo
780 2734 857 2790 sit
889 2750 1073 2787 ausus.
1138 2729 1278 2782 hanc
1321 2727 1452 2796 post
1493 2740 1608 2776 rem
1652 2723 1869 2788 gestam
1904 2730 1929 2770 e

128 2835 242 2877 non
274 2817 360 2872 ita
390 2812 585 2870 multis
621 2811 816 2868 diebus
842 2809 916 2865 M.
943 2806 1248 2863 Minucium
1278 2800 1503 2870 Rufum,
1537 2796 1871 2865 magistrum

130 2894 385 2969 equitum
426 2889 548 2962 pari
588 2905 654 2943 ac
692 2887 1027 2944 dictatorem
1070 2879 1329 2952 imperio,
1369 2876 1497 2930 dolo
1539 2874 1873 2945 productum

129 2976 190 3030 in
211 2967 487 3045 proelium
512 2963 746 3038 fugavit.
784 2961 868 3017 Ti.
895 2958 1286 3031 Sempronium
1314 2951 1645 3018 Gracchum,
1672 2948 1872 3000 iterum

130 3045 451 3115 consulem,
512 3058 570 3096 m
625 3036 866 3094 Lucanis
924 3037 1125 3091 absens
1182 3033 1240 3087 in
1297 3029 1526 3085 insidias
1588 3023 1875 3078 inductum
