2164 3358
682 95 829 143 XXV.
863 98 1149 146 ATTICUS.
1203 106 1272 147 18.
1311 109 1380 150 19.
1806 114 1909 167 111

157 238 325 277 scere.
402 218 540 276 fecit
588 220 696 277 hoc
744 223 894 278 idem
943 227 1250 297 separatim
1306 230 1365 284 in
1424 232 1549 288 aliis
1607 235 1792 308 libris,
1848 244 1912 294 ut
1947 256 1973 295 3

154 294 436 353 Mssssruti
483 302 690 372 rogatu
739 299 961 356 Iuniam
1009 302 1285 359 familiam
1339 326 1371 361 a
1421 310 1598 382 stirpe
1650 314 1719 368 ad
1767 315 1911 372 hanc

153 375 400 430 aetatem
433 375 627 430 ordine
660 380 1089 452 enumeraverit,
1121 386 1343 455 notanS,
1378 387 1502 457 quis
1538 407 1571 442 a
1605 407 1715 460 quo
1753 397 1909 448 ortus

151 468 293 522 quos
358 451 602 508 honores
661 454 975 527 quibusque
1042 461 1392 532 temporibus
1451 465 1724 536 cepisset:
1788 472 1910 541 pari
1945 490 1973 530 4

149 527 318 583 modo
351 527 607 586 Marcelli
641 529 860 587 Claudii
894 532 1309 610 Marcellorum,
1353 538 1633 613 Scipionis
1662 543 1908 602 Cornelii

150 607 209 659 et
255 603 422 661 Fabii
469 605 705 662 Maximi
752 607 1060 666 Fabiorum
1117 618 1175 668 et
1222 615 1612 675 Aemiliorum.
1703 624 1907 695 quibus

149 680 311 737 libris
350 683 494 739 nihil
534 688 727 757 potest
766 705 888 742 esse
929 689 1147 746 dulcius
1189 692 1282 765 iis,
1326 695 1422 766 qui
1464 698 1715 769 aliquam
1758 704 1907 774 cupi-

148 758 387 816 ditatem
440 761 653 816 habent
707 764 949 820 notitiae
1008 767 1289 825 clarorum
1346 773 1611 830 virorum.
1709 779 1905 852 attigit
1941 796 1967 835 5

145 836 406 908 poeticen
446 856 695 912 quoque,
737 842 1040 916 credimus,
1079 865 1150 901 ne
1192 847 1310 903 eius
1354 868 1550 923 expers
1594 859 1743 910 esset
1784 876 1905 912 sua-

146 913 355 969 vitatis.
416 933 661 987 namque
702 919 957 976 versibus
991 923 1054 977 de
1085 924 1169 996 iis,
1211 926 1307 997 qui
1349 927 1561 985 honore
1604 951 1901 1006 rerumque

143 992 434 1064 gestarum
475 994 845 1065 amplitudine
888 1002 1105 1056 ceteros
1147 1004 1342 1074 populi
1385 1004 1628 1064 Romani
1667 1013 1902 1082 praesti-

142 1069 357 1141 terunt,
414 1071 674 1142 exposuit
723 1073 828 1145 ita,
884 1079 949 1130 ut
998 1078 1101 1132 sub
1154 1080 1506 1154 singulorum
1557 1086 1899 1160 imaginibus
1936 1107 1961 1146 6

139 1142 293 1200 facta
348 1148 831 1221 magistratusque
887 1171 1081 1209 eorum
1136 1175 1249 1212 non
1307 1162 1549 1232 amplius
1608 1168 1898 1236 quaternis

141 1222 396 1292 quinisve
452 1226 707 1281 versibus
766 1228 1152 1303 descripserit:
1219 1238 1367 1306 quod
1418 1239 1509 1293 vix
1563 1243 1898 1299 credendum

132 1625 297 1679 nunc,
338 1611 604 1681 quoniam
643 1612 873 1671 fortuna
913 1637 1016 1674 nos
1060 1623 1395 1692 superstites
1439 1626 1490 1679 ei
1533 1646 1654 1683 esse
1697 1631 1892 1703 voluit,

133 1684 350 1757 reliqua
388 1706 791 1762 persequemur
832 1698 910 1766 et,
962 1702 1235 1767 quantum
1276 1704 1653 1778 potuerimuS,
1702 1726 1889 1763 rerum

134 1763 400 1835 exemplis
449 1766 688 1823 lectores
739 1770 1088 1847 docebimUS,
1138 1777 1285 1832 sicut
1336 1799 1505 1852 supra
1555 1783 1890 1856 significavi-

10 1850 22 1861 ·
134 1855 275 1911 mua,
304 1859 435 1897 suos
461 1844 662 1917 cuique
688 1866 873 1904 mores
899 1851 1230 1925 plerumque
1259 1858 1558 1914 conciliare
1586 1860 1887 1918 fortunam.

131 1932 373 1989 namque
411 1919 504 1976 hic
544 1927 842 1981 contentus
878 1929 1070 1985 ordine
1105 1935 1369 2006 equestri,
1412 1955 1521 2008 quo
1557 1943 1678 1993 erat
1713 1945 1886 2013 ortUS,
1922 1956 1946 1997 2

132 1991 191 2047 in
230 1992 567 2054 affinitatem
607 2004 865 2073 pervenit
905 2006 1265 2078 imperatoris
1302 2012 1415 2066 divi
1449 2014 1567 2087 filii,
1612 2035 1737 2071 cum
1773 2019 1884 2073 iam

131 2073 262 2126 ante
318 2071 764 2135 familiaritatem
819 2083 937 2138 eius
989 2091 1137 2141 esset
1187 2094 1519 2146 consecutus
1569 2095 1723 2149 nulla
1774 2097 1882 2149 alia

129 2165 190 2202 re
239 2166 408 2220 quam
456 2153 739 2228 elegantia
787 2160 960 2233 vitae,
1019 2181 1129 2234 qua
1178 2170 1394 2222 ceteros
1453 2175 1677 2241 ceperat
1733 2174 1881 2244 prin-

129 2223 280 2297 cipes
306 2228 556 2286 civitatis
582 2233 859 2308 dignitate
894 2240 1032 2311 pari,
1065 2241 1296 2298 fortuna
1328 2245 1672 2303 humiliores.
1719 2253 1881 2306 tanta
1915 2268 1941 2307 3

130 2301 278 2358 enim
316 2309 664 2380 prosperitas
707 2311 1005 2372 Caesarem
1048 2323 1136 2374 est
1176 2326 1497 2394 consecuta,
1539 2329 1603 2378 ut
1644 2326 1784 2380 nihil
1829 2329 1878 2382 ei

128 2395 242 2434 non
287 2383 553 2441 tribuerit
601 2388 852 2465 fortuna,
902 2395 1051 2466 quod
1101 2399 1361 2471 cuiquam
1413 2405 1541 2456 ante
1584 2403 1877 2476 detulerat,

130 2457 188 2509 et
226 2460 554 2537 conciliarit,
595 2469 744 2538 quod
783 2489 947 2527 nemo
983 2474 1162 2530 adhuc
1194 2477 1329 2531 civis
1365 2477 1652 2535 Romanus
1695 2483 1876 2552 quivit

129 2538 408 2608 consequi.
483 2546 620 2598 nata
667 2550 755 2601 est
803 2552 992 2605 autem
1032 2551 1228 2609 Attico
1269 2556 1454 2627 neptis
1498 2575 1563 2611 ex
1603 2559 1875 2632 Agrippa,
1908 2581 1935 2620 4

127 2609 216 2664 cui
264 2612 540 2688 virginem
586 2621 763 2678 ffliam
814 2627 1134 2684 collocarat.
1215 2631 1359 2687 hanc
1403 2632 1609 2689 Caesar
1649 2637 1741 2691 vix
1783 2657 1873 2693 an-

123 2685 370 2745 niculam
409 2691 491 2749 Ti.
531 2695 764 2756 Claudio
815 2701 1052 2777 Neroni,
1102 2707 1355 2763 Drusilla
1402 2717 1562 2784 nato,
1610 2714 1869 2788 privigno

124 2781 242 2836 8110,
283 2767 602 2841 despondit:
643 2796 785 2848 quae
820 2782 1139 2840 coniunctio
1174 2788 1643 2845 necessitudinem
1679 2811 1869 2847 eorum

122 2843 336 2916 sanxit,
375 2845 822 2912 familiaritatem
862 2860 1106 2916 reddidit
1145 2863 1599 2935 frequentiorem.
1682 2871 1958 2940 quam-20

120 2934 291 2990 quam
331 2928 462 2980 ante
509 2926 648 2986 haec
686 2937 971 3005 sponsalia
1019 2958 1132 2995 non
1182 2943 1388 3014 solum,
1438 2963 1563 2999 cum
1613 2947 1681 3000 ab
1732 2947 1866 3000 urbe

120 2993 360 3071 abesset,
393 3021 698 3077 numquam
723 3011 794 3066 ad
821 3031 1050 3071 suorum
1077 3036 1413 3091 quemquam
1449 3022 1667 3077 litteras
1697 3024 1865 3090 misit,
