2164 3358
536 136 593 181 11.
627 134 1111 183 THEMISTOCLES.
1161 139 1322 181 s-io.
1729 135 1796 190 13

63 278 262 318 navem
300 259 486 316 tenuit
525 260 582 315 in
623 261 842 316 ancoris
874 278 1052 332 neque
1086 276 1420 330 quemquam
1455 278 1520 312 ex
1555 278 1619 313 ea
1652 259 1799 313 exire

62 353 263 410 passus
302 339 405 391 est.
474 336 599 391 inde
640 336 926 409 Ephesum
968 335 1221 408 pervenit
1261 335 1449 407 ibique
1489 334 1800 389 Themisto-

62 412 208 470 clem
254 412 499 485 exponit.
586 413 673 469 cui
732 412 826 467 ille
876 430 978 483 pro
1034 412 1249 466 meritis
1307 415 1503 483 postea
1558 412 1799 484 gratiam

62 488 300 545 rettulit.

219 562 349 621 Scio
381 565 676 637 plerosque
707 564 790 619 ita
821 563 1129 635 scripsisse,
1160 563 1595 619 Themistoclem
1622 563 1801 618 Xerxe
1834 566 1867 619 9

278 646 336 696 te
368 641 427 697 in
450 640 647 697 Asiam
679 639 965 694 transisse.
1023 639 1118 694 sed
1145 658 1248 712 ego
1275 641 1632 712 potissimum
1657 640 1802 695 Thu·

66 659 251 790 cyffi'di
291 715 472 789 credo,
510 715 656 788 quod
697 719 747 769 et
783 719 968 770 aetate
1009 717 1296 788 proximus
1330 716 1395 771 de
1430 717 1514 787 iis,
1556 717 1648 788 qui
1683 717 1804 772 illo·

65 812 192 851 rum
223 798 539 866 temporum
570 791 868 846 historiam
901 793 1266 864 reliquerunt,
1307 797 1365 847 et
1397 792 1640 847 eiusdem
1676 794 1803 848 civi·

66 869 207 927 tatis
251 867 378 925 fnit.
454 868 503 923 is
551 872 740 924 autem
790 869 871 923 ait
922 869 990 923 ad
1032 869 1378 924 Artaxerxen
1420 888 1545 924 eum
1588 870 1803 924 venisse

266 943 357 1001 his
389 944 576 1000 verbis
608 945 907 1017 epistulam
934 946 1178 1000 misisse:
1220 945 1652 1000 ‘Themistocles
1680 946 1802 999 veni
1837 963 1864 1002 2

65 1020 137 1079 ad
173 1024 250 1094 te,
288 1020 384 1093 qui
417 1021 660 1094 plurima
692 1022 836 1076 mala
871 1022 1118 1076 omnium
1155 1021 1451 1077 Graiorum
1487 1023 1543 1076 in
1577 1022 1802 1077 domum

66 1101 223 1155 tum
286 1097 479 1168 intuli,
543 1098 806 1169 quamdiu
868 1098 1004 1152 mihi
1062 1117 1285 1153 necesse
1348 1099 1456 1152 fuit
1512 1099 1801 1153 adversum

230 1192 285 1230 m
309 1177 470 1229 tuum
495 1174 703 1229 bellare
729 1175 1078 1245 patriamque
1106 1194 1285 1229 meam
1313 1175 1617 1229 defendere.
1659 1175 1803 1229 idem
1839 1194 1863 1229 s

67 1249 249 1307 multo
288 1249 451 1322 plura
490 1250 637 1305 bona
678 1251 808 1320 feci,
848 1255 1146 1322 postquam
1189 1252 1244 1305 in
1287 1256 1411 1305 tuto
1456 1252 1572 1322 ipse
1614 1256 1671 1305 et
1712 1252 1804 1305 ille

68 1327 127 1383 in
173 1326 422 1399 periculo
475 1344 597 1381 esse
645 1327 844 1397 coepit.
922 1346 1048 1380 nam
1093 1346 1216 1381 cum
1267 1328 1323 1381 in
1366 1328 1560 1381 Asiam
1603 1328 1803 1381 reverti

69 1401 239 1459 vellet
276 1401 492 1475 proelio
532 1402 676 1473 apud
720 1400 1003 1456 Salamina
1053 1403 1227 1474 fact0,
1281 1403 1486 1457 litteris
1529 1423 1652 1457 eum
1696 1424 1806 1459 cer·

69 1479 272 1536 tiorum
310 1477 418 1535 feci
465 1477 520 1533 id
561 1478 650 1551 agi
692 1481 757 1532 ut
796 1497 964 1550 pons,
1013 1497 1175 1550 quem
1227 1480 1281 1533 in
1325 1479 1691 1550 Hellesponto
1734 1481 1805 1534 fe-

69 1558 246 1627 cerat,
300 1554 699 1610 dissolveretur
745 1558 914 1625 atque
963 1555 1031 1609 ab
1088 1556 1347 1609 hostibus
1397 1557 1806 1611 circumiretur:

70 1648 181 1704 quo
226 1630 427 1687 nuntio
475 1630 570 1685 ille
618 1630 866 1702 periculo
916 1636 1003 1686 est
1059 1632 1344 1686 liberatus.
1425 1651 1568 1686 nunc
1618 1638 1803 1688 autem
1840 1653 1862 1690 4

69 1705 296 1781 confugi
328 1706 398 1762 ad
430 1710 488 1762 te
512 1708 829 1780 exagitatus
856 1727 889 1762 a
914 1713 1113 1763 cuncta
1140 1708 1388 1778 Graecia,
1421 1713 1575 1763 tuam
1611 1715 1805 1780 petens

70 1783 404 1841 amicitiam:
445 1801 610 1855 quam
645 1784 691 1838 si
727 1802 821 1838 ero
848 1784 1099 1856 adeptus,
1132 1803 1240 1839 non
1271 1787 1452 1839 minus
1480 1803 1566 1839 me
1597 1786 1804 1841 bonum

71 1859 313 1917 amicum
351 1859 603 1931 habebis,
642 1878 809 1931 quam
851 1860 1052 1915 fortem
1095 1861 1379 1915 inimicum
1416 1861 1509 1915 ille
1544 1867 1804 1933 expertus

72 1940 176 2002 est.
229 1939 288 1992 te
319 1939 507 1992 autem
542 1954 696 2009 regn,
736 1941 800 1991 ut
832 1937 898 1991 de
933 1938 999 1990 iis
1035 1937 1215 2004 rebus,
1250 1956 1387 2008 quas
1422 1941 1603 1993 tecum
1640 1940 1804 1994 collo-

73 2012 169 2085 qui
216 2011 369 2083 volo,
413 2030 659 2068 annuum
709 2014 843 2067 mihi
895 2018 1116 2084 tempus
1164 2014 1259 2068 des
1302 2032 1476 2086 eoque
1518 2018 1803 2070 transacto

71 2088 143 2145 ad
182 2091 240 2145 te
279 2089 467 2144 venire
505 2088 775 2161 patiaris?

223 2163 407 2221 Huius
438 2182 533 2220 rex
567 2165 735 2221 animi
772 2166 1209 2238 magnitudinem
1245 2166 1524 2222 admirans
1559 2169 1805 2238 cupiens·
1830 2170 1897 2223 10

73 2247 181 2314 ‘que
234 2240 406 2297 talem
458 2241 638 2297 virum
697 2243 803 2297 sibi
858 2243 1142 2298 conciliari
1193 2244 1409 2297 veniam
1467 2244 1630 2296 dedit.
1711 2245 1805 2298 ille

73 2331 238 2376 m
267 2317 406 2373 illud
438 2321 661 2390 tempus
694 2318 901 2373 litteris
926 2319 1279 2390 sermonique
1307 2319 1598 2372 Persarum
1631 2320 1805 2374 dedit:

39 2393 46 2398 “
74 2389 277 2464 quibu
308 2393 447 2451 adeo
479 2394 730 2449 eruditus
763 2399 864 2465 est,
903 2400 968 2450 ut
1000 2396 1178 2450 multo
1212 2397 1554 2450 commodius
1589 2396 1805 2451 dicatur

77 2465 225 2541 apud
260 2486 448 2544 regem
489 2470 658 2526 verba
697 2470 918 2540 secisse,
968 2490 1132 2542 quam
1183 2472 1220 2525 ii
1273 2476 1555 2542 poterant,
1604 2473 1695 2543 qui
1747 2474 1801 2528 in

77 2540 303 2600 Percide
347 2551 509 2602 erant
555 2547 688 2603 nati.
768 2547 857 2603 hic
908 2567 1031 2602 cum
1082 2548 1256 2602 multa
1302 2549 1414 2618 regi
1459 2553 1606 2601 esset
1646 2549 1803 2620 polli·
1837 2564 1862 2604 2

76 2618 224 2675 citus
392 2621 406 2633 ’
473 2622 485 2634 ⁶
549 2641 753 2695 umque
794 2623 947 2691 illud,
989 2625 1032 2678 si
1074 2625 1188 2678 suis
1223 2625 1302 2677 uti
1341 2624 1586 2678 consiliis
1622 2625 1804 2696 vellet,

74 2693 233 2750 illum
323 2696 558 2755 mesiam
590 2699 739 2755 bello
773 2718 1182 2772 oppressurum,
1224 2700 1438 2771 magnis
1483 2701 1801 2756 muneribus

27 2832 29 2834 ,
75 2770 149 2827 ab
190 2771 499 2828 Artaxerxe
535 2773 774 2831 donatus
815 2777 870 2831 in
910 2777 1102 2831 Asiam
1147 2775 1309 2829 rediit
1350 2775 1801 2848 domiciliumque

74 2843 397 2921 ungnesiae
437 2847 545 2904 sibi
578 2852 887 2907 constituit.
948 2871 1185 2922 namque
1220 2852 1362 2906 hanc
1395 2853 1587 2907 urbem
1623 2855 1669 2906 ei
1709 2873 1798 2906 rex
1837 2869 1859 2905 ἐ

74 2921 326 2994 (ἱοιιιι-ιι,
365 2922 453 2979 hi·
493 2923 714 2996 quidem
752 2928 961 2999 verbis,
1001 2947 1140 2999 quae
1182 2928 1229 2981 ei
1273 2946 1469 2999 panem
1513 2930 1800 2999 praeberet

7 2996 167 3358 {spx
205 3017 317 3072 qua
356 2998 581 3074 regione
621 3001 1008 3078 quinquagena
1059 3004 1271 3059 talenta
1318 3006 1615 3075 quotannis
1667 3004 1800 3057 redi·
