2164 3358
553 119 609 166 11.
643 117 1126 167 THEMISTOCLES.
1177 123 1217 164 8.
1255 122 1294 163 7.
1729 118 1795 169 11

64 246 176 305 sibi
222 264 349 304 cum
397 246 468 301 iis
517 249 797 301 certamen
847 243 979 299 sore.
1059 259 1229 313 quare
1283 260 1377 296 eos
1431 260 1597 313 quam
1651 242 1798 296 infir·
1833 255 1857 294 4

64 322 348 380 missimos
395 340 516 377 esse
565 321 842 377 volebant.
920 321 1220 391 postquam
1269 322 1457 373 autem
1505 317 1802 372 audierunt

64 417 255 456 muros
302 399 470 469 strui,
517 398 736 471 legatos
784 395 1035 452 Athenas
1087 394 1381 464 miserunt,
1430 394 1525 465 qui
1575 394 1629 448 id
1679 393 1800 447 fieri

64 479 333 532 vetarent.
412 474 500 529 his
547 471 934 546 prmentibus
983 470 1267 525 desierimt
1317 489 1380 525 ac
1429 488 1487 524 se
1528 469 1593 524 de
1636 488 1701 523 ea
1741 487 1799 523 re

63 550 283 627 legatos
333 550 401 607 ad
449 567 544 606 eos
593 549 860 605 missuros
914 547 1186 601 dixerunt.
1267 547 1408 600 hanc
1461 546 1800 618 legationem
1836 558 1862 597 5

0 654 2 680 ι
65 628 315 700 suscepit
358 624 764 683 Themistocles
813 627 870 678 et
918 623 1070 677 solus
1123 623 1303 693 primo
1358 622 1642 693 profectus
1690 626 1801 676 est:

64 704 264 776 reliqui
306 702 480 778 legati
519 704 585 757 ut
624 704 744 755 tum
794 700 1031 769 exirent,
1079 717 1202 753 cum
1254 698 1392 753 satis
1443 699 1541 752 alti
1594 697 1799 752 tuendo

65 781 210 837 muri
258 776 528 835 exstructi
568 775 909 846 viderentur,
961 775 1268 847 praecepit:
1325 775 1549 828 interim
1593 792 1801 845 omnes,

60 855 211 917 ‚ervi
251 858 419 927 atque
459 852 650 924 liberi,
691 871 830 924 opus
871 851 1120 907 facerent
1160 869 1337 922 neque
1379 851 1477 904 ulli
1521 851 1644 904 loco
1679 869 1801 921 par-

62 934 268 1003 cerent,
306 930 423 987 sive
463 947 620 985 sacer
659 929 775 984 sive
814 928 1066 1000 privatus
1100 932 1249 982 esset
1281 927 1396 981 sive
1430 927 1704 998 publicus,
1745 930 1802 980 et

62 1006 320 1080 undique,
359 1005 507 1079 quod
548 1005 806 1060 idoneum
849 1005 916 1059 ad
960 1004 1314 1059 muniendum
1358 1007 1636 1074 putarent,
1677 1021 1801 1057 con-

61 1086 333 1160 gererent.
411 1100 521 1155 quo
570 1081 781 1137 factum
830 1086 917 1135 est
965 1085 1029 1135 ut
1069 1079 1497 1134 Atheniensium
1549 1079 1692 1134 muri
1734 1098 1800 1133 ex

63 1159 285 1217 sacellis
325 1158 705 1232 sepulcrisque
748 1161 1083 1212 constarent.

213 1234 620 1292 Themistocles
647 1238 851 1303 autem,
876 1238 939 1288 ut
959 1233 1428 1287 Lacedaemonem
1455 1233 1622 1302 venit,
1648 1231 1800 1285 adire
1838 1229 1866 1282 7

62 1312 132 1369 nd
172 1312 539 1386 magistratus
577 1310 762 1366 noluit
801 1314 858 1364 et
898 1310 1049 1364 dedit
1091 1328 1332 1380 operam,
1374 1314 1437 1362 ut
1478 1328 1642 1379 quam
1687 1309 1801 1361 lon-

62 1388 295 1464 gissime
335 1392 557 1460 tempus
597 1386 838 1455 duceret,
879 1404 1101 1440 causam
1146 1386 1503 1455 interponens
1547 1403 1604 1438 se
1640 1383 1801 1438 colle·

62 1482 165 1540 ges
204 1467 540 1536 exspectare.
619 1480 744 1518 cum
787 1461 1208 1517 Lacedaemonii
1253 1465 1618 1532 quererentur
1659 1477 1799 1531 opus
1835 1471 1860 1509 ‘2

60 1539 239 1598 nihilo
279 1540 462 1596 minus
502 1539 622 1594 fieri
663 1557 898 1610 eumque
940 1539 997 1593 in
1038 1557 1102 1592 ea
1144 1557 1200 1591 re
1243 1538 1429 1592 conari
1473 1537 1683 1606 fallere,
1723 1537 1802 1590 in-

61 1616 230 1673 terim
280 1616 481 1688 reliqui
533 1615 706 1688 legati
760 1619 893 1669 sunt
945 1614 1245 1670 consecuti.
1326 1633 1358 1667 a
1412 1614 1615 1684 quibus
1675 1631 1799 1667 cum

60 1693 310 1750 audisset
339 1710 451 1748 non
485 1692 723 1747 multum
758 1709 1047 1763 superesse
1082 1690 1425 1759 munitionis,
1459 1690 1526 1743 ad
1561 1689 1799 1760 ephoros

61 1766 627 1827 Imdaemoniorum
671 1769 922 1838 accessit,
962 1786 1130 1838 penes
1174 1785 1313 1837 quos
1357 1785 1636 1820 summum
1680 1769 1801 1819 erat

27 1845 373 1919 imperium,
413 1850 581 1917 atque
621 1844 766 1916 apud
808 1862 902 1898 eos
944 1843 1232 1898 contendit
1274 1843 1415 1896 falsa
1457 1843 1523 1895 iis
1559 1860 1678 1895 esse
1713 1841 1800 1895 de·

10 1920 22 1931 '
62 1921 203 1978 lats:
242 1939 413 1994 quare
455 1939 692 1993 aequum
734 1939 853 1975 esse
895 1920 1023 1974 illos
1064 1920 1212 1973 viros
1256 1919 1431 1973 bonos
1473 1918 1799 1988 nobilesque

62 1997 288 2054 mittere
330 1997 556 2070 [quibus
589 1996 725 2052 fides
759 1996 1102 2066 haberetur],
1143 1996 1236 2066 qui
1274 2014 1389 2049 rem
1422 1995 1798 2065 explorarent:

60 2073 277 2131 interes
308 2091 367 2129 se
399 2073 648 2129 obsidem
683 2073 1001 2127 retinerent.
1055 2076 1247 2144 gestus
1281 2075 1370 2126 est
1403 2071 1451 2125 ei
1489 2090 1624 2141 mos,
1666 2075 1799 2123 tres·
1833 2082 1859 2118 3

62 2166 169 2224 que
223 2149 396 2225 legati
451 2149 629 2205 functi
686 2149 918 2204 summis
975 2148 1281 2203 honoribus
1331 2147 1583 2202 Athenas
1642 2146 1796 2199 missi

61 2229 210 2284 mt-
268 2244 394 2282 cum
434 2225 526 2281 his
567 2225 811 2297 collegas
853 2243 983 2279 suos
1023 2223 1429 2278 Themistocles
1472 2224 1636 2277 iussit
1677 2241 1798 2292 pro·

61 2299 238 2360 fidaei
274 2302 454 2375 iisque
493 2301 786 2375 praedixit,
827 2305 890 2356 ut
929 2319 996 2355 ne
1037 2301 1190 2372 prius
1235 2299 1797 2355 Lacedaemoniorum

333 2378 685 2435 dimitterent
734 2396 901 2449 quam
959 2378 1077 2448 ipse
1127 2381 1275 2431 esset
1332 2378 1613 2429 remissus.
1694 2374 1797 2428 hos
1832 2385 1856 2423 ⁴

65 2454 362 2527 postqum
385 2453 638 2510 Athenas
671 2454 986 2527 pervenisse
1012 2457 1167 2508 ratus
1194 2457 1296 2523 est,
1329 2453 1395 2506 ad
1433 2451 1797 2523 magistratus

65 2530 428 2603 uentumque
461 2528 1023 2587 Lacedaemoniorum
1059 2529 1197 2584 adiit
1230 2534 1287 2582 et
1322 2528 1465 2598 apud
1500 2545 1594 2581 eos
1636 2526 1798 2581 liber·

65 2604 206 2660 rime
254 2604 538 2677 probatus
586 2610 695 2663 est:
759 2606 1129 2661 Athenienses
1180 2625 1279 2659 suo
1333 2603 1597 2674 consili0,
1649 2603 1795 2674 quod

0 2740 4 2753 ‚
65 2679 347 2737 communi
384 2680 504 2738 iure
542 2682 795 2757 gentium
836 2681 1015 2738 facere
1065 2685 1320 2753 possent,
1369 2680 1500 2735 deos
1542 2679 1795 2751 publicos

65 2773 308 2828 suosque
347 2757 561 2828 patrios
592 2776 658 2814 ac
688 2762 935 2831 penates,
975 2777 1084 2829 quo
1120 2757 1338 2811 facilius
1374 2756 1445 2810 ab
1479 2755 1640 2810 hoste
1675 2773 1796 2828 pos·

64 2835 194 2890 sent
230 2830 545 2904 defendere,
580 2835 755 2890 muris
794 2834 1068 2906 saepsisse
1110 2852 1286 2903 neque
1327 2833 1383 2887 in
1425 2851 1490 2887 eo
1531 2831 1677 2903 quod
1721 2831 1797 2884 in·

63 2907 205 2965 utile
243 2912 394 2964 esset
432 2905 696 2965 Graeciae
734 2909 946 2966 fecisse.
1006 2928 1135 2964 nam
1177 2908 1401 2964 illorum
1444 2909 1637 2962 urbem
1683 2908 1791 2973 [ut]
1829 2915 1855 2954 ⁶

63 2982 547 3059 propugnaculum
586 2985 904 3057 oppositum
944 3004 1064 3041 esse
1115 2985 1393 3056 barbaris,
1441 2984 1585 3056 apud
1628 3000 1793 3053 quam
