2019 3310
181 106 254 160 34
799 104 873 148 1x.
910 68 1136 150 coNoN.
1189 109 1228 150 1.
1257 110 1296 151 2.

814 261 915 321 rx.
969 260 1259 337 conon.

334 380 524 434 Conon
557 378 913 431 Atheniensis
948 377 1351 448 Peloponnesio
1384 377 1532 432 bello
1567 379 1800 434 accessit
1833 380 1900 433 ad

181 476 298 510 rem
338 455 631 525 publicam,
672 454 731 506 in
770 472 943 523 eoque
986 454 1101 506 eius
1145 472 1311 523 opera
1351 454 1539 525 magni
1578 453 1699 508 fuit.
1770 474 1900 508 nam

182 536 237 586 et
291 534 514 601 praetor
569 529 918 600 pedestribus
968 529 1299 582 exercitibus
1348 527 1591 599 praefuit
1642 533 1698 583 et
1747 549 1900 601 prae-

181 607 356 661 fectus
401 605 592 659 classis
634 623 864 676 magnas
899 605 1039 658 mari
1063 622 1144 659 res
1169 604 1357 676 gessit.
1423 623 1558 674 quas
1593 604 1663 658 ob
1706 624 1898 660 causas

180 682 504 753 praecipuus
558 681 607 734 ei
662 681 838 735 honos
894 680 1119 734 habitus
1174 683 1272 733 est.
1349 698 1586 750 namque
1645 681 1899 734 omnibus
1986 702 1988 704 ·

179 776 318 811 unus
368 757 563 811 insulis
612 756 875 827 praefuit,
923 757 982 809 in
1023 775 1129 825 qua
1169 758 1448 825 potestate
1490 754 1697 810 Pheras
1739 756 1901 827 cepit,

119 848 144 886 2
180 833 454 887 coloniam
487 831 1062 886 Lacedaemoniorum.
1118 830 1226 884 fuit
1260 832 1430 884 etiam
1465 835 1709 885 extremo
1744 830 1900 885 Pelo-

178 909 442 979 ponnesio
476 908 621 961 bello
656 911 894 978 praetor,
930 926 1053 961 cum
1087 907 1230 976 apud
1255 906 1441 978 Aegos
1475 907 1680 960 flumen
1710 907 1900 977 copiae

177 984 603 1038 Atheniensium
653 984 718 1036 ab
769 982 1054 1052 Lysandro
1113 985 1243 1035 sunt
1298 982 1558 1036 devictae.
1638 982 1731 1036 sed
1779 986 1900 1035 tum

180 1060 334 1129 afuit,
369 1078 540 1128 eoque
567 1059 722 1129 peius
750 1077 835 1111 res
863 1057 1252 1111 administrata
1277 1060 1383 1110 est:
1423 1076 1553 1111 nam
1579 1061 1635 1111 et
1658 1058 1898 1128 prudens

117 1149 142 1189 3
178 1136 256 1188 rei
291 1135 548 1187 militaris
584 1139 638 1187 et
672 1134 906 1205 diligens
942 1136 1061 1186 erat
1092 1133 1412 1202 imperator.
1469 1133 1658 1203 itaque
1692 1133 1900 1187 nemini

178 1214 296 1264 erat
335 1211 403 1263 iis
445 1210 789 1279 temporibus
832 1209 1083 1278 dubium,
1124 1209 1171 1261 31
1212 1207 1485 1278 affuisset,
1534 1209 1689 1261 illam
1729 1208 1900 1262 Athe-

175 1287 393 1340 nienses
438 1286 816 1339 calamitatem
858 1288 1180 1354 accepturos
1220 1303 1333 1337 non
1371 1283 1558 1338 fuisse.

329 1361 515 1415 Rebus
583 1366 768 1414 31113111
832 1360 1087 1429 afflictis,
1160 1378 1283 1413 cum
1352 1360 1594 1430 patriam
1659 1359 1900 1413 obsideri

179 1438 437 1506 audisset,
469 1456 580 1490 non
607 1436 896 1506 quaesivit,
929 1436 1025 1489 ubi
1057 1436 1175 1505 ipse
1210 1438 1333 1488 tuto
1371 1435 1597 1506 viveret,
1631 1435 1725 1489 sed
1756 1435 1899 1489 unde

177 1513 451 1584 praesidio
493 1516 686 1583 posset
727 1530 845 1565 esse
888 1511 1098 1565 civibus
1142 1511 1271 1564 31113.
1331 1511 1520 1580 itaque
1562 1511 1801 1565 contulit
1842 1529 1899 1564 se

178 1590 244 1642 ad
285 1588 719 1658 Pharnabazum,
762 1591 1039 1657 satrapem
1080 1585 1269 1640 Ioniae
1312 1589 1368 1639 et
1400 1585 1605 1656 Lydiae
1648 1586 1899 1639 eundem-

179 1683 340 1735 quem
390 1682 651 1736 generum
698 1664 844 1735 regis
895 1666 950 1716 et
997 1662 1391 1732 propinquum:
1441 1662 1585 1733 apud
1634 1679 1796 1731 quem
1834 1665 1899 1714 ut

177 1741 415 1793 multum
456 1740 638 1811 gratia
678 1740 901 1808 valeret,
943 1738 1118 1791 multo
1160 1738 1349 1791 labore
1383 1737 1682 1806 multisque
1717 1736 1899 1790 effecit

176 1817 450 1886 periculis,
528 1834 658 1868 nam
711 1834 835 1868 cum
875 1813 1296 1867 Lacedaemonii
1336 1813 1771 1867 Atheniensibus
1813 1812 1898 1865 de-

177 1893 339 1946 victis
374 1892 432 1944 in
466 1892 730 1945 societate
763 1909 876 1944 non
909 1893 1209 1959 manerent,
1244 1908 1408 1958 quam
1442 1907 1566 1942 cum
1590 1888 1897 1941 Artaxerxe

177 1967 437 2038 fecerant,
478 1966 911 2038 Agesilaumque
956 1965 1227 2019 bellatum
1267 1965 1551 2018 misissent
1590 1964 1649 2018 in
1688 1963 1898 2033 Asiam,

178 2044 413 2096 maxime
455 2043 680 2112 impulsi
722 2062 753 2095 a
792 2041 1186 2111 Tissapherne,
1239 2041 1333 2111 qui
1381 2059 1446 2094 ex
1493 2039 1707 2094 intimis
1748 2039 1896 2110 regis

179 2120 246 2172 ab
275 2118 521 2172 amicitia
546 2119 660 2171 eius
689 2117 962 2172 defecerat
988 2121 1044 2170 et
1069 2135 1193 2170 cum
1215 2115 1662 2170 Lacedaemoniis
1689 2115 1897 2168 coierat

179 2196 526 2265 societatem,
580 2194 727 2247 hunc
785 2194 1042 2247 adversus
1091 2191 1481 2246 Pharnabazus
1536 2191 1761 2245 habitus
1812 2194 1896 2243 est

178 2272 495 2341 imperator,
551 2288 608 2322 re
660 2269 879 2339 quidem
927 2288 1056 2322 vera
1104 2269 1367 2321 exercitui
1422 2266 1663 2338 praefuit
1704 2264 1897 2320 Conon

180 2347 402 2416 eiusque
438 2346 623 2399 omnia
657 2345 887 2398 arbitrio
922 2348 1078 2416 gesta
1112 2347 1255 2397 sunt.
1309 2343 1399 2396 hic
1433 2343 1669 2396 multum
1702 2341 1896 2395 ducem

181 2440 455 2475 summum
488 2422 814 2493 Agesilaum
854 2419 1142 2490 impedivit
1182 2436 1451 2489 saepeque
1493 2418 1607 2471 eius
1651 2417 1896 2472 consiliis

181 2498 424 2567 obstitit,
479 2516 654 2567 neque
703 2515 831 2550 vero
881 2515 991 2549 non
1046 2495 1154 2548 fuit
1211 2498 1486 2564 apertum,
1544 2494 1590 2546 si
1643 2493 1737 2546 ille
1783 2511 1897 2546 non

178 2572 397 2642 fuisset,
455 2572 780 2644 Agesilaum
837 2572 1030 2626 Asiam
1086 2571 1266 2623 Tauro
1336 2573 1494 2623 tenus
1551 2569 1669 2642 regi
1724 2567 1895 2622 fuisse

179 2652 510 2718 erepturum.
591 2650 683 2719 qui
740 2651 1104 2718 posteaquam
1160 2646 1383 2699 domum
1437 2664 1468 2698 a
1517 2645 1630 2699 suis
1683 2644 1895 2698 civibus

179 2728 466 2778 revocatus
517 2728 623 2793 est,
678 2724 822 2794 quod
871 2723 1068 2776 Boeoti
1118 2724 1173 2774 et
1213 2720 1580 2775 Athenienses
1629 2719 1894 2774 Lacedae—

179 2799 378 2854 moniis
428 2800 632 2852 bellum
682 2800 1014 2868 indixerant,
1068 2796 1259 2852 Conon
1306 2797 1480 2850 nihilo
1531 2797 1701 2850 setius
1751 2794 1893 2865 apud

179 2874 487 2946 praefectos
546 2876 691 2945 regis
749 2875 1074 2929 versabatur
1137 2873 1314 2942 iisque
1372 2873 1626 2927 omnibus
1692 2888 1894 2943 magno

180 2955 299 3004 erat
339 2951 477 3004 usui.
