2164 3358
695 158 731 206 1.
772 158 1119 206 mulinas.
1167 164 1211 206 4.
1245 166 1271 205 ⁵
1827 164 1862 216 5

125 285 242 338 tam
281 281 598 354 propinquo
639 287 867 355 tamque
908 300 1110 355 magno
1150 284 1392 354 permoti
1431 283 1696 338 auxilium
1738 303 1862 338 nus-

125 375 294 431 quam
333 358 442 413 nisi
485 378 518 413 a
559 358 1011 415 Lacedaemoniis
1056 359 1375 429 petiverunt
1416 359 1861 431 Phidippumque

126 452 409 491 cursorem
458 435 576 490 eius
624 435 867 510 generis,
923 434 1021 505 qui
1073 434 1529 490 hemerodromoe
1579 441 1861 506 vocantur,

124 509 597 567 Lacedaemonem
630 511 918 581 miserunt,
957 515 1022 565 ut
1052 512 1339 566 nuntiaret
1372 531 1539 583 quam
1573 512 1860 567 celerrimo

125 605 265 659 opus
290 605 412 642 esse
439 587 661 643 auxilio.
717 586 867 641 domi
898 590 1087 641 autem
1114 592 1305 642 creant
1339 588 1525 643 decem
1561 592 1860 659 praetores,
1894 606 1922 645 4

125 664 221 736 qui
262 664 531 720 exercitui
569 667 907 735 praeessent,
947 663 1005 717 in
1038 664 1117 718 eis
1152 662 1478 719 Miltiadem.
1541 665 1688 718 inter
1721 684 1859 736 quos

126 757 330 814 magna
368 738 479 794 fuit
510 739 813 810 contentio,
853 743 1044 794 utrum
1088 740 1376 794 moenibus
1417 758 1470 795 se
1505 740 1860 795 defenderent

125 834 198 872 an
235 814 459 871 obviam
498 814 646 869 irent
684 814 945 870 hostibus
994 816 1220 887 acieque
1269 816 1639 872 decernerent.
1719 836 1859 872 unus
1894 834 1920 873 5

123 890 407 948 Miltiades
440 891 679 946 maxime
712 892 1015 964 nitebatur,
1047 896 1112 946 ut
1143 893 1325 964 primo
1356 912 1575 964 quoque
1609 897 1860 965 tempore

122 970 309 1024 matra
347 965 569 1022 flerent:
609 967 665 1021 id
706 968 753 1022 si
795 967 1007 1023 factum
1048 973 1220 1040 esset,
1261 974 1318 1023 et
1359 970 1572 1024 civibus
1615 970 1860 1023 animum

122 1061 495 1115 accessurum,
528 1062 654 1099 cum
688 1044 940 1099 viderent
972 1044 1038 1099 de
1071 1064 1262 1100 eorum
1290 1046 1498 1100 virtute
1532 1065 1642 1100 non
1675 1046 1861 1117 despe-

122 1120 253 1192 rari,
292 1122 352 1175 et
390 1119 584 1175 hostes
625 1120 816 1175 eadem
858 1140 916 1175 re
957 1120 1075 1176 fore
1113 1122 1403 1193 tardiore8‚
1444 1123 1490 1177 si
1524 1123 1861 1176 animadver-

121 1199 308 1252 terent
346 1196 537 1251 auderi
579 1196 841 1251 adversus
883 1216 942 1252 se
984 1201 1100 1251 tam
1135 1199 1349 1270 exiguis
1384 1199 1559 1270 copiis
1594 1198 1860 1253 dimicari.

274 1270 399 1328 Hoc
423 1272 482 1327 in
506 1276 757 1343 tempore
782 1274 937 1328 nulla
962 1275 1160 1328 civitas
1188 1275 1625 1329 Atheniensibus
1653 1275 1859 1329 auxilio
1894 1278 1929 1333 5

122 1348 234 1404 fuit
272 1352 496 1422 praeter
529 1348 900 1404 PlataeenseS.
958 1369 1022 1403 ea
1057 1350 1208 1403 mille
1252 1351 1407 1404 misit
1450 1352 1707 1404 militum.
1761 1351 1859 1405 ita-

125 1443 232 1498 que
272 1423 474 1480 horum
510 1424 752 1480 adventu
793 1426 979 1480 decem
1015 1426 1170 1480 milia
1204 1431 1549 1481 armatorum
1584 1427 1860 1498 completa

123 1505 278 1573 sunt,
329 1518 469 1574 quae
518 1519 714 1555 manus
765 1502 1008 1556 mirabili
1059 1502 1335 1575 flagrabat
1383 1503 1664 1576 pugnandi
1714 1504 1861 1574 cupi-

120 1577 313 1633 ditate.
392 1595 503 1649 quo
550 1576 763 1632 factum
812 1583 899 1632 est
946 1582 1010 1632 ut
1058 1580 1183 1650 plus
1234 1598 1401 1650 quam
1451 1580 1696 1652 collegae
1738 1579 1859 1633 Mil·
1893 1597 1920 1637 2

121 1653 301 1709 tiadee
333 1653 561 1708 valeret.
615 1654 733 1708 eius
768 1673 900 1728 ergo
936 1656 1272 1710 auctoritate
1306 1657 1533 1728 impulsi
1560 1656 1860 1710 Athenien-

121 1747 210 1786 ses
258 1730 447 1801 copias
497 1749 565 1784 ex
611 1731 748 1785 urbe
798 1731 1106 1786 eduxerunt
1153 1733 1385 1803 locoque
1435 1733 1632 1787 idoneo
1676 1737 1858 1787 castra

120 1805 388 1862 fecerunt.
460 1806 587 1861 dein
628 1811 853 1878 postero
895 1808 982 1862 die
1024 1808 1125 1862 sub
1169 1810 1375 1863 montis
1419 1809 1698 1863 radicibus
1741 1809 1857 1864 acie
1891 1826 1918 1867 8

121 1882 348 1957 regione
403 1882 680 1938 instructa
735 1903 846 1938 non
903 1885 1259 1955 apertissima
1313 1884 1574 1957 (namque
1633 1886 1858 1940 arbores

122 1958 317 2014 multis
364 1958 503 2014 locis
551 1963 713 2014 erant
761 1959 942 2032 rarae)
992 1962 1266 2032 proelium
1307 1962 1708 2017 commiserunt
1754 1962 1858 2016 hoc

121 2034 382 2107 oonsilio,
428 2038 494 2090 ut
541 2039 599 2089 et
646 2038 920 2090 montium
973 2038 1268 2092 altitudine
1318 2042 1641 2123 tegerentur
1682 2042 1738 2093 et
1779 2057 1859 2091 ar—

120 2111 322 2167 borum
362 2114 547 2167 tractu
588 2113 873 2183 equitatus
914 2113 1163 2168 hostium
1201 2115 1564 2186 impediretur
1600 2117 1689 2181 [ne
1724 2114 1858 2167 mul-

121 2187 363 2243 titudine
405 2187 832 2259 clauderentur}
898 2189 1060 2245 Datis
1095 2191 1201 2244 etsi
1242 2210 1354 2246 non
1395 2210 1632 2261 aequum
1676 2191 1858 2244 locum
1892 2206 1919 2247 4

122 2263 348 2319 videbat
395 2264 534 2335 suia,
582 2268 770 2320 tamen
816 2265 992 2321 fretus
1033 2286 1264 2322 numero
1306 2268 1591 2338 copiarum
1634 2285 1855 2321 suarum

123 2339 420 2415 confligere
473 2340 761 2412 cupiebat,
816 2360 991 2413 eoque
1044 2344 1246 2416 magis,
1303 2344 1476 2414 quod,
1533 2344 1855 2414 priusquam

123 2411 547 2472 heedaemonii
596 2418 846 2473 subsidio
896 2419 1170 2489 venirent,
1219 2420 1481 2474 dimicare
1532 2419 1667 2473 utile
1716 2419 1857 2473 arbi·

124 2490 398 2548 habetur.
468 2492 659 2565 itaque
700 2494 757 2549 in
799 2495 974 2550 aciem
1015 2496 1264 2567 peditum
1309 2501 1554 2563 centum,
1607 2495 1856 2567 equitum

125 2563 316 2623 decem
352 2567 511 2624 milia
548 2570 814 2642 produxit
854 2572 1237 2643 proeliumque
1281 2572 1576 2626 commisit.
1650 2572 1706 2626 in
1749 2590 1855 2643 quo
1892 2588 1916 2626 5

125 2643 288 2698 tanto
332 2642 458 2716 plus
504 2645 714 2701 virtute
763 2647 1057 2703 valuerunt
1098 2648 1491 2718 Athenienses,
1541 2652 1603 2702 ut
1650 2648 1858 2702 decem·

125 2717 330 2790 plioem
377 2735 668 2778 nnmerum
724 2722 974 2778 hostium
1032 2725 1409 2795 profligarint,
1466 2723 1710 2795 adeoque
1764 2743 1857 2778 eos

123 2797 561 2868 perterruerunt,
596 2802 663 2853 ut
702 2798 904 2855 Persae
947 2819 1057 2855 non
1100 2807 1307 2868 castra,
1351 2800 1443 2855 sed
1486 2819 1651 2855 naves
1692 2801 1857 2872 petie-

122 2869 254 2957 rint.
325 2887 436 2942 qm
481 2888 669 2946 pugna
712 2875 855 2932 nihil
905 2876 1085 2931 adhuc
1126 2877 1346 2930 exstitit
1385 2876 1655 2931 nobilius:
1706 2876 1858 2930 nulla

122 2963 591 3078 ani-‘umquam
640 2951 759 3006 tum
806 2951 1009 3026 exigua
1062 2970 1257 3007 manus
1311 2956 1498 3007 tanta-s
1553 2972 1685 3024 opes
1738 2969 1858 3021 pro·

243 3041 298 3078 n
