2164 3358
811 120 866 166 V.
899 118 1111 166 culon.
1163 123 1204 165 4.
1795 120 1863 173 21

137 264 267 305 cnm
304 245 686 318 compluribus
728 245 866 300 locis
907 243 1132 316 praedia
1170 242 1474 314 hortosque
1515 242 1769 314 haberet,
1808 248 1872 299 ut

137 340 439 396 numquam
489 322 546 377 in
594 322 675 376 eis
723 320 1010 376 custodem
1059 320 1310 390 posuerit
1362 318 1575 374 fructus
1618 321 1869 373 servandi

240 398 346 470 tin,
384 416 453 454 ne
494 398 620 471 quis
661 396 1045 468 impediretur,
1093 396 1388 466 quominus
1429 395 1510 450 eis
1551 395 1715 450 rebus
1757 397 1871 466 qui·

137 416 243 532 ἔτι-ἑ
283 474 520 548 quisque
559 472 729 529 vellet
775 472 1065 527 frueretur.
1146 490 1364 542 semper
1411 490 1536 526 eum
1586 472 1870 543 pedisequi
1905 486 1933 526 2

137 569 265 608 cum
312 550 556 607 nummis
603 553 736 604 sunt
775 548 975 618 secuti,
1024 551 1110 618 ut,
1158 549 1204 601 si
1247 549 1372 619 quis
1414 549 1535 619 opis
1577 548 1695 603 eius
1737 548 1872 602 indi-

137 631 319 703 geret,
358 626 590 683 baberet
628 624 776 696 quod
817 625 1012 678 statim
1054 624 1236 693 daret,
1276 643 1343 679 ne
1385 624 1687 679 differendo
1729 624 1872 678 vide-

138 708 295 760 retur
332 719 549 777 negare.
628 718 809 772 saepe,
849 719 975 755 cum
1017 700 1259 771 aliquem
1302 700 1572 754 offensum
1615 701 1871 755 fortunae

138 779 352 835 videret
397 778 580 833 minus
627 776 766 831 bene
815 777 1104 846 vestitum,
1153 796 1314 831 suum
1365 777 1665 831 amiculum
1707 777 1871 830 dedit.

137 854 367 913 cottidie
412 853 495 909 sic
542 871 680 909 cena
726 853 777 907 ei
826 853 1193 924 coquebatur,
1249 858 1334 924 ut,
1387 872 1526 924 quos
1584 854 1869 909 invocatos
1904 866 1932 908 3

136 929 374 987 vidisset
419 929 478 985 in
525 927 673 1000 foro,
728 948 919 984 omnes
969 929 1036 983 ad
1086 949 1143 983 se
1193 935 1439 999 vocaret,
1496 930 1643 1000 quod
1691 930 1870 983 facere

131 1005 290 1063 nullo
320 1006 409 1061 die
441 1006 942 1078 praetermittebat.
1001 1006 1138 1060 nulli
1174 1006 1308 1060 fides
1341 1007 1478 1075 eius,
1517 1006 1655 1060 nulli
1690 1024 1872 1076 opera,

130 1082 277 1139 nulli
316 1101 408 1138 res
447 1081 743 1137 familiaris
785 1082 986 1136 defuit:
1050 1082 1258 1136 multos
1302 1083 1686 1153 locupletavit,
1727 1101 1870 1136 com·

132 1158 322 1232 plures
361 1177 631 1232 pauperes
674 1160 1001 1228 [mortuos],
1057 1158 1151 1229 qui
1203 1159 1342 1213 unde
1391 1159 1720 1213 efferrentur
1761 1176 1870 1213 non

135 1234 517 1308 reliquissent,
563 1254 664 1291 suo
706 1239 933 1306 sumptu
975 1234 1190 1288 extulit.
1271 1236 1350 1290 sic
1392 1254 1451 1290 se
1492 1234 1733 1307 gerendo
1775 1235 1871 1289 mi·
1904 1248 1932 1290 4

132 1311 283 1367 nime
332 1316 421 1367 est
474 1311 812 1382 mirandum,
865 1310 913 1365 si
962 1316 1020 1364 et
1073 1312 1188 1364 vita
1240 1312 1358 1366 eius
1411 1312 1519 1366 fuit
1576 1330 1768 1366 secura
1815 1316 1872 1364 et

137 1405 287 1444 mors
327 1388 543 1444 acerba.

683 1647 783 1712 VI.
844 1648 1044 1710 LYSA
1057 1649 1301 1710 NDER.

284 1766 570 1841 Lysander
634 1766 1102 1823 Lacedaemonius
1171 1787 1429 1840 magnam
1494 1769 1722 1839 reliquit
1785 1770 1869 1823 sui
1910 1771 1936 1825 1

134 1842 365 1916 famam,
413 1844 594 1918 magis
636 1843 906 1899 felicitate
948 1864 1114 1915 quam
1157 1845 1363 1899 virtute
1405 1849 1647 1916 partam:
1700 1844 1869 1899 Athe·

133 1920 353 1977 aienses
392 1921 541 1976 enim
580 1922 831 1977 adversus
872 1920 1307 1991 Peloponnesios
1356 1921 1564 1976 bellum
1613 1926 1869 1994 gerentes

133 2001 293 2054 sexto
331 2000 392 2053 et
429 1998 694 2053 vicesimo
736 2016 881 2052 anno
934 1998 1237 2052 confecisse
1286 2004 1543 2069 apparet,
1597 2016 1758 2067 neque
1814 1999 1867 2051 id
1902 2011 1930 2053 ²

133 2091 246 2147 qua
276 2073 493 2129 ratione
523 2079 854 2129 consecutus
897 2075 973 2127 sit
1015 2074 1176 2127 latet:
1218 2093 1329 2128 non
1362 2074 1509 2129 enim
1545 2074 1750 2128 virtute
1783 2075 1867 2129 sui

132 2149 433 2220 exercitus,
479 2149 576 2205 sed
626 2150 980 2205 immodestia
1033 2151 1241 2204 factum
1283 2155 1371 2205 est
1410 2150 1870 2220 adversariorum,

213 2225 226 2237 ⁶
276 2225 426 2298 quod
457 2226 608 2282 dicto
633 2227 921 2281 audientes
961 2227 1391 2298 imperatoribus
1418 2228 1532 2280 suis
1560 2245 1668 2280 non
1695 2231 1870 2295 erant,

173 2300 188 2315 ⁰
381 2302 392 2312 '
437 2302 495 2357 in
526 2303 678 2375 agris
714 2303 923 2357 relictis
957 2303 1192 2357 navibus
1227 2304 1281 2357 in
1317 2303 1563 2356 hostium
1601 2307 1869 2357 venerunt

418 2396 489 2433 m.
558 2397 668 2450 quo
709 2378 860 2434 facto
905 2378 1274 2434 Athenienses
1317 2399 1374 2433 se
1421 2378 1865 2433 Lacedaemoniis

434 2458 476 2510 t.
548 2454 651 2510 bac
694 2455 928 2510 victoria
972 2454 1253 2526 Lysander
1294 2456 1496 2521 elatus,
1537 2474 1661 2509 cum
1703 2459 1867 2509 antea
1900 2471 1927 2509 3

136 2542 353 2615 semper
398 2528 668 2587 factiosus
716 2531 1002 2603 audaxque
1053 2533 1276 2601 fuisset,
1333 2532 1410 2584 sic
1461 2531 1566 2585 sibi
1622 2531 1866 2601 indulsit,

137 2605 202 2658 ut
238 2618 360 2660 etus
397 2622 568 2678 opera
615 2607 672 2662 in
720 2607 1021 2663 maximum
1064 2609 1250 2662 odium
1293 2607 1559 2662 Graeciae
1603 2606 1865 2662 Lacedae·

137 2677 309 2734 monii
590 2682 720 2737 rint.
799 2702 927 2738 nam
970 2703 1094 2739 cum
1145 2684 1285 2738 banc
1334 2702 1556 2738 causam
1601 2682 1862 2738 Lacedav-
1899 2700 1924 2737 4

135 2753 309 2810 monii
388 2753 401 2766 '
466 2755 701 2814 ‘tutent
732 2759 840 2813 sibi
875 2779 996 2815 esse
1031 2760 1179 2829 belli,
1220 2764 1283 2813 ut
1310 2760 1734 2814 Atheniensium
1771 2761 1862 2812 ini-

134 2833 423 2903 potentem
460 2829 896 2891 dominationem
940 2836 1329 2908 refringerent,
1382 2841 1677 2908 postquam
1721 2836 1862 2904 apud

134 2906 324 2992 Aegos
372 2904 575 2962 flumen
624 2906 907 2981 Lysander
954 2912 1149 2967 classis
1202 2912 1448 2967 hostium
1497 2917 1583 2966 est
1636 2913 1864 2982 potitus,

131 2979 273 3039 nihil
320 2981 471 3038 aliud
520 2981 750 3039 molitus
797 2992 886 3041 est
933 3006 1098 3060 quam
1148 2993 1212 3043 ut
1259 3007 1450 3043 omnes
1500 2989 1754 3043 civitates
1809 2986 1863 3039 in
