2164 3358
744 140 823 186 IX.
859 140 1088 188 CONON.
1139 147 1180 188 3.
1207 146 1251 188 4.
1808 146 1880 199 35

283 264 582 321 Defecerat
623 285 657 320 a
690 284 821 339 rege
853 265 1275 337 Tissaphernes,
1314 285 1494 338 neque
1535 268 1590 321 id
1634 272 1751 323 tam
1781 271 1882 324 Ar·
1915 274 1949 327 3

130 342 347 398 taxerxi
412 361 580 414 quam
646 343 847 397 ceteris
913 347 1035 397 erat
1099 347 1389 414 apertum:
1462 345 1657 399 multis
1732 347 1881 401 enim

129 419 462 493 magnisque
505 419 724 474 meritis
767 418 914 490 apud
955 437 1168 492 regem,
1210 420 1382 475 etiam
1425 441 1551 476 cum
1593 422 1651 476 in
1693 421 1882 478 officio

128 514 240 551 non
275 500 544 567 maneret,
576 496 815 551 valebat.
878 514 1057 566 neque
1092 497 1147 550 id
1181 501 1303 551 erat
1329 498 1661 570 mirandum,
1696 500 1882 554 sinon

127 572 291 628 facile
334 573 402 628 ad
445 572 777 628 credendum
818 572 1214 645 adducebatur,
1257 575 1618 630 reminiscens
1661 577 1780 631 eius
1823 596 1881 631 se

128 669 299 722 opera
362 648 572 722 Cyrum
643 648 880 703 fratrem
945 668 1254 722 superasse.
1345 652 1511 707 huius
1586 655 1880 709 accusandi
1917 672 1941 711 2².

127 728 315 800 gratia
355 725 551 783 Conon
592 744 625 780 a
663 724 1028 781 Pharnabazo
1072 728 1140 781 ad
1183 746 1370 801 regem
1415 730 1620 784 missus
1663 736 1881 802 postea-

128 823 298 876 quam
322 803 491 873 venit,
523 803 769 874 primum
796 822 862 858 ex
888 823 1043 858 more
1071 804 1371 860 Persarum
1399 807 1467 860 ad
1495 807 1882 879 chiliarchum,

127 881 223 953 qui
275 880 580 935 secundum
633 880 869 953 gradum
926 881 1147 953 imperii
1204 884 1458 955 tenebat,
1515 853 1882 940 Tithrausten

124 957 364 1013 accessit
404 975 573 1028 seque
616 957 867 1012 ostendit
908 977 1035 1013 cum
1076 977 1207 1032 rege
1250 961 1495 1031 colloqui
1537 962 1693 1016 velle.
1751 963 1880 1017 huic
1914 981 1940 1020 3

122 1033 220 1089 ille
263 1032 457 1089 ‘nulla'
500 1033 743 1105 inquit
750 1054 908 1089 mora
958 1039 1067 1106 est,
1121 1037 1215 1090 sed
1266 1042 1329 1091 tu
1371 1038 1640 1109 delibera,
1690 1043 1880 1094 utrum

123 1110 368 1183 colloqui
403 1111 566 1165 malis
601 1130 672 1166 an
691 1130 805 1198 per
839 1112 1059 1166 litteras
1104 1132 1267 1186 agere
1311 1133 1450 1201 quae
1494 1117 1728 1188 cogitas.
1791 1137 1881 1171 ne-

123 1206 278 1244 cesse
320 1191 408 1242 est
450 1189 616 1260 enim,
658 1188 705 1242 si
747 1188 805 1243 in
847 1194 1211 1261 conspectum
1255 1192 1487 1264 veneris,
1529 1195 1780 1248 venerari
1823 1199 1878 1249 te

121 1283 314 1352 regem
374 1265 547 1336 [quod
611 1266 974 1333 προεκύνηειν
1039 1268 1123 1321 1111
1185 1271 1410 1338 vocant]
1480 1266 1667 1341 (nemo
1729 1271 1879 1326 enim

123 1342 243 1397 sine
283 1342 391 1397 hoc
433 1341 795 1414 admittitur).
875 1343 983 1398 hoc
1027 1345 1074 1398 si
1117 1345 1223 1398 tibi
1274 1364 1443 1418 grave
1487 1350 1597 1417 est,
1650 1367 1749 1418 per
1791 1368 1877 1402 me

121 1418 300 1474 nihilo
359 1419 535 1474 setius
593 1419 760 1473 editis
819 1420 1098 1476 mandatis
1154 1423 1415 1477 conficies
1459 1424 1607 1494 quod
1650 1425 1875 1480 studes?

121 1499 244 1551 tum
279 1494 476 1552 Conon
510 1495 671 1550 ‘mihi
705 1496 857 1551 vero'
891 1498 1126 1569 inquit
1130 1518 1245 1553 non
1286 1504 1373 1554 est
1414 1518 1584 1573 grave
1624 1504 1875 1572 quemvis
1911 1519 1939 1560 4

118 1572 392 1628 honorem
432 1572 638 1627 habere
680 1574 817 1646 regi,
860 1575 955 1628 sed
998 1594 1192 1630 vereor
1231 1596 1300 1631 ne
1343 1578 1562 1632 civitati
1605 1598 1759 1634 meae
1803 1581 1878 1634 sit

120 1649 450 1722 opprobrio,
503 1650 574 1722 si,
616 1668 744 1705 cum
785 1669 851 1705 ex
892 1671 958 1706 ea
999 1653 1105 1707 sim
1147 1653 1450 1727 profectus,
1493 1674 1632 1726 quae
1676 1659 1877 1713 ceteris

119 1726 436 1801 gentibus
420 1746 697 1799 imperare
732 1729 1034 1801 consuerit,
1074 1731 1266 1802 potius
1300 1732 1672 1787 barbarorum
1707 1753 1876 1805 quam

117 1803 273 1859 illius
315 1823 470 1859 more
512 1803 753 1878 fungar?
812 1806 1003 1878 itaque
1047 1827 1188 1878 quae
1231 1809 1459 1864 volebat
1499 1810 1629 1865 huic
1665 1812 1875 1883 scripta

273 1956 489 2024 Quibus
533 1959 777 2032 cognitis
818 1979 916 2014 rex
957 1964 1181 2016 tantum
1224 1963 1563 2018 auctoritate
1607 1965 1725 2020 eius
1761 1986 1871 2021 mo·
1906 1970 1942 2023 4

118 2038 210 2089 tus
252 2039 363 2107 est,
409 2038 475 2091 ut
515 2039 573 2090 et
614 2035 1047 2124 Tissaphernem
1096 2038 1321 2094 hostem
1370 2040 1634 2097 iudicarit
1675 2047 1731 2097 et
1774 2043 1872 2097 La-

117 2111 506 2168 cedaemonios
556 2113 707 2168 bello
756 2116 1017 2186 persequi
1068 2116 1296 2171 iusserit
1345 2121 1403 2172 et
1452 2119 1502 2172 ei
1551 2120 1872 2190 permiserit

116 2206 283 2261 quem
332 2190 503 2245 vellet
552 2189 758 2263 eligere
810 2191 877 2245 ad
935 2192 1368 2279 dispensandam
1424 2197 1734 2282 pecuniam.
1814 2198 1871 2252 id

117 2266 419 2322 arbitrium
460 2264 658 2322 Conon
697 2269 925 2342 negavit
968 2270 1053 2324 sui
1097 2289 1217 2325 esse
1261 2272 1497 2343 consilii,
1540 2273 1634 2326 sed
1676 2274 1871 2347 ipsius,

118 2342 214 2413 qui
253 2344 465 2416 optime
507 2363 638 2399 suos
679 2363 845 2400 nosse
888 2345 1138 2420 deberet,
1189 2348 1284 2403 sed
1326 2368 1383 2403 se
1427 2349 1655 2403 suadere
1700 2350 1869 2406 Phar-

118 2418 330 2476 nabazo
370 2421 428 2476 id
468 2421 683 2494 negotii
726 2422 899 2477 daret.
972 2424 1102 2479 hinc
1144 2426 1365 2497 magnis
1411 2427 1734 2482 muneribus
1777 2429 1867 2483 do-
1902 2447 1929 2486 2

117 2497 284 2551 natus
323 2497 393 2553 ad
433 2517 586 2553 mare
628 2502 715 2554 est
757 2500 979 2571 missus,
1021 2505 1085 2555 ut
1127 2500 1349 2573 Cypriis
1392 2507 1448 2557 et
1491 2502 1865 2561 Phoenicibus

119 2571 427 2645 ceterisque
483 2575 786 2632 maritimis
838 2545 1164 2633 civitatibus
1215 2598 1381 2633 naves
1439 2580 1638 2653 longas
1698 2582 1867 2654 impe-

118 2651 272 2703 raret
327 2649 702 2725 classemque,
760 2673 870 2725 qua
926 2656 1181 2726 proxima
1239 2659 1452 2711 aestate
1512 2677 1661 2712 mare
1719 2661 1865 2714 tueri

116 2728 335 2811 posset,
383 2734 755 2802 compararet,
808 2731 938 2786 dato
983 2733 1237 2786 adiutore
1282 2732 1668 2806 PharnabaZO,
1719 2738 1866 2791 sicut

4 2809 15 2834 “·
116 2801 237 2874 ipse
295 2802 564 2859 voluerat.
641 2807 697 2862 id
752 2812 816 2862 ut
869 2807 1323 2864 Lacedaemoniis
1381 2815 1468 2865 est
1524 2813 1862 2882 nuntiatum,
1896 2829 1923 2868 3

11 2903 14 2907 ·
114 2897 227 2934 non
268 2879 386 2934 sine
429 2898 562 2935 cura
600 2900 720 2939 rem
761 2884 1182 2955 administrant,
1238 2887 1385 2957 quod
1427 2889 1607 2943 maius
1651 2858 1862 2943 belluni

114 2954 405 3011 imminere
448 2957 568 3012 arbi
552 2958 883 3033 trahantur,
925 2981 1092 3034 quam
1139 2965 1184 3017 si
1228 2982 1354 3019 cum
1395 2965 1635 3020 barbaro
1680 2966 1859 3019 solum

115 3033 530 3089 contenderent.
585 3053 718 3090 nam
757 3036 952 3093 ducem
993 3039 1198 3095 fortem
1238 3046 1287 3096 et
1325 3043 1654 3114 prudentem
1690 3042 1857 3114 regiis

1522 3131 1582 3175 3*
