2164 3358
342 184 807 248 DISCREPANTIA
842 189 1234 237 SCRIPTURAE
1270 194 1661 243 HALMIANAE.
1795 201 1879 247 VH

126 312 181 364 in
226 330 290 366 ea
334 315 665 381 potissimum
713 319 840 368 urbe
959 324 1018 386 4,
1061 322 1092 370 2
1136 319 1244 386 cui]
1288 324 1377 388 qui
1499 329 1554 393 5,
1597 331 1629 377 4
1674 327 1875 395 tantae]

124 394 276 442 tanta
386 394 435 459 6,
472 395 502 442 ‘2
538 394 688 444 effusi
801 397 849 461 7,
885 396 916 446 3
950 395 1118 448 Attici
1151 405 1327 449 autem
1361 402 1507 466 quies
1541 407 1688 455 tanto
1724 424 1875 472 opere

24 482 33 490 ·
125 464 333 518 Caesari
451 470 501 535 8,
547 474 573 520 1
617 471 750 522 illud
789 475 996 537 tempus
1039 474 1205 526 occiso
1248 475 1487 543 Caesare,
1535 498 1635 546 quo
1756 500 1873 533 con-

123 544 341 596 vertisse
383 542 697 612 [videretur]
791 551 824 598 4
866 564 919 599 se
960 548 1150 616 neque]
1193 553 1282 603 sed
1323 571 1488 621 neque
1587 560 1635 624 9,
1680 561 1708 608 2
1753 577 1871 611 ven-

125 618 387 687 ditabant]
428 622 621 673 dabant
730 625 764 674 4
804 625 1000 691 Attice,
1041 644 1257 692 sponsor
1364 635 1446 694 10,
1484 636 1514 684 3
1556 651 1760 701 quoque
1795 643 1875 689 est

123 697 289 749 Attici
391 701 426 749 4
460 696 597 764 eius]
633 699 776 751 illius
882 705 912 753 5
948 704 1065 755 suit.
1103 723 1269 772 neque
1303 710 1506 761 enim..
1535 712 1720 764 salutis
1756 711 1870 779 [sed

124 771 410 840 coniuncti]
530 778 560 826 6
611 775 767 828 laude
815 778 983 830 fertur
1104 785 1197 851 12,
1248 786 1279 835 3
1324 786 1586 838 'triumviri
1709 794 1793 857 13,
1839 795 1870 842 4

123 850 298 916 potius
337 850 611 918 diligentia
651 891 662 902 .
696 894 708 905 .
751 857 830 906 est
869 856 1156 910 industriae
1280 864 1365 926 15,
1411 868 1437 913 1
1482 882 1585 915 non
1626 867 1871 936 liberalis,

122 925 212 979 sed
250 927 380 980 levis
412 928 768 981 arbitrabatur
792 969 804 981 .
832 975 840 982 .
868 950 970 984 non
1003 939 1178 999 posset
1289 941 1319 989 3
1356 939 1554 1006 potest]
1588 949 1794 1007 poterat

125 1004 211 1070 16,
236 1004 270 1054 3
296 1003 610 1057 desiderabit
699 1009 788 1075 18,
815 1011 846 1060 3
875 1011 965 1076 qui
990 1028 1020 1062 a
1046 1030 1250 1079 quoque
1279 1019 1424 1067 ortus
1516 1024 1548 1068 4
1578 1019 1782 1071 Claudii
1809 1022 1869 1072 de

117 1077 480 1132 Marcellorum
602 1085 633 1134 5
678 1101 797 1135 nam
838 1086 899 1137 de
940 1089 1082 1154 viris,
1124 1092 1212 1155 qui
1329 1094 1550 1145 Romani
1589 1099 1770 1162 populi

117 1156 430 1209 eredendum
463 1164 543 1210 est
624 1162 711 1229 20,
749 1165 775 1212 1
816 1164 1085 1231 scriberet]
1121 1169 1352 1221 mitteret
1435 1175 1464 1222 5
1503 1169 1867 1241 [intercedere]
