<?xml version="1.0" encoding="UTF-8"?>
<!DOCTYPE html PUBLIC "-//W3C//DTD XHTML 1.0 Transitional//EN"
    "http://www.w3.org/TR/xhtml1/DTD/xhtml1-transitional.dtd">
<html xmlns="http://www.w3.org/1999/xhtml" xml:lang="en" lang="en">
 <head>
  <title>
</title>
<meta http-equiv="Content-Type" content="text/html;charset=utf-8" />
  <meta name='ocr-system' content='tesseract 3.04.00' />
  <meta name='ocr-capabilities' content='ocr_page ocr_carea ocr_par ocr_line ocrx_word'/>
</head>
<body>
  <div class='ocr_page' id='page_1' title='image "./vitaenep00nepouoft_0126.png"; bbox 0 0 2019 3310; ppageno 0'>
   <div class='ocr_carea' id='block_1_1' title="bbox 602 714 1543 778">
    <p class='ocr_par' dir='ltr' id='par_1_1' title="bbox 602 714 1543 778">
     <span class='ocr_line' id='line_1_1' title="bbox 602 714 1543 778; baseline -0.002 0"><span class='ocrx_word' id='word_1_1' title='bbox 602 716 862 778; x_wconf 85' lang='lat' dir='ltr'>INDEX</span> <span class='ocrx_word' id='word_1_2' title='bbox 910 714 1543 778; x_wconf 77' lang='lat' dir='ltr'>GEOGRAPHICUS.</span> 
     </span>
    </p>
   </div>
   <div class='ocr_carea' id='block_1_2' title="bbox 983 837 1162 842">
    <p class='ocr_par' dir='ltr' id='par_1_2' title="bbox 983 837 1162 842">
     <span class='ocr_line' id='line_1_2' title="bbox 983 837 1162 842; baseline 0 0"><span class='ocrx_word' id='word_1_3' title='bbox 983 837 1162 842; x_wconf 95' lang='lat' dir='ltr'><em> </em></span> 
     </span>
    </p>
   </div>
   <div class='ocr_carea' id='block_1_3' title="bbox 214 922 1034 3028">
    <p class='ocr_par' dir='ltr' id='par_1_3' title="bbox 216 922 1027 1042">
     <span class='ocr_line' id='line_1_3' title="bbox 216 922 1027 982; baseline -0.004 -12"><span class='ocrx_word' id='word_1_4' title='bbox 216 927 325 982; x_wconf 84' lang='lat' dir='ltr'><em>Ace,</em></span> <span class='ocrx_word' id='word_1_5' title='bbox 349 925 461 971; x_wconf 84' lang='lat' dir='ltr'><em>urbs</em></span> <span class='ocrx_word' id='word_1_6' title='bbox 489 924 769 971; x_wconf 84' lang='lat' dir='ltr'><em>Phoeniciae</em></span> <span class='ocrx_word' id='word_1_7' title='bbox 794 922 879 980; x_wconf 88' lang='lat' dir='ltr'><em>(St.</em></span> <span class='ocrx_word' id='word_1_8' title='bbox 904 923 1027 968; x_wconf 89' lang='lat' dir='ltr'><em>Jean</em></span> 
     </span>
     <span class='ocr_line' id='line_1_4' title="bbox 274 987 475 1042; baseline -0.005 -10"><span class='ocrx_word' id='word_1_9' title='bbox 274 988 317 1032; x_wconf 82' lang='lat' dir='ltr'><em>d’</em></span> <span class='ocrx_word' id='word_1_10' title='bbox 321 987 475 1042; x_wconf 84' lang='lat' dir='ltr'><em>Acre).</em></span> 
     </span>
    </p>

    <p class='ocr_par' dir='ltr' id='par_1_4' title="bbox 214 1044 1026 1152">
     <span class='ocr_line' id='line_1_5' title="bbox 214 1044 1026 1104; baseline -0.004 -12"><span class='ocrx_word' id='word_1_11' title='bbox 214 1048 422 1104; x_wconf 82' lang='lat' dir='ltr'><em>Aegates</em></span> <span class='ocrx_word' id='word_1_12' title='bbox 455 1044 661 1090; x_wconf 83' lang='lat' dir='ltr'><em>insulae.</em></span> <span class='ocrx_word' id='word_1_13' title='bbox 706 1046 760 1089; x_wconf 90' lang='lat' dir='ltr'><em>in</em></span> <span class='ocrx_word' id='word_1_14' title='bbox 793 1045 925 1089; x_wconf 81' lang='lat' dir='ltr'><em>litore</em></span> <span class='ocrx_word' id='word_1_15' title='bbox 956 1057 1026 1089; x_wconf 91' lang='lat' dir='ltr'><em>oc·</em></span> 
     </span>
     <span class='ocr_line' id='line_1_6' title="bbox 277 1094 737 1152; baseline -0.007 0"><span class='ocrx_word' id='word_1_16' title='bbox 277 1107 497 1152; x_wconf 81' lang='lat' dir='ltr'><em>cidentali</em></span> <span class='ocrx_word' id='word_1_17' title='bbox 531 1094 737 1150; x_wconf 81' lang='lat' dir='ltr'><em>Siciliae.</em></span> 
     </span>
    </p>

    <p class='ocr_par' dir='ltr' id='par_1_5' title="bbox 215 1164 1026 1274">
     <span class='ocr_line' id='line_1_7' title="bbox 215 1164 1026 1224; baseline -0.004 -12"><span class='ocrx_word' id='word_1_18' title='bbox 215 1169 396 1224; x_wconf 75' lang='lat' dir='ltr'><em>Aegiae</em></span> <span class='ocrx_word' id='word_1_19' title='bbox 438 1166 674 1223; x_wconf 79' lang='grc' dir='ltr'>(Αἶγειαι),</span> <span class='ocrx_word' id='word_1_20' title='bbox 719 1165 830 1210; x_wconf 87' lang='lat' dir='ltr'><em>urbs</em></span> <span class='ocrx_word' id='word_1_21' title='bbox 870 1164 1026 1209; x_wconf 89' lang='lat' dir='ltr'><em>Mace-</em></span> 
     </span>
     <span class='ocr_line' id='line_1_8' title="bbox 275 1229 456 1274; baseline -0.017 0"><span class='ocrx_word' id='word_1_22' title='bbox 275 1229 456 1274; x_wconf 83' lang='lat' dir='ltr'><em>doniae.</em></span> 
     </span>
    </p>

    <p class='ocr_par' dir='ltr' id='par_1_6' title="bbox 216 1285 1028 1454">
     <span class='ocr_line' id='line_1_9' title="bbox 216 1285 1027 1346; baseline -0.005 -13"><span class='ocrx_word' id='word_1_23' title='bbox 216 1290 374 1346; x_wconf 82' lang='lat' dir='ltr'><em>Aegos</em></span> <span class='ocrx_word' id='word_1_24' title='bbox 405 1287 581 1331; x_wconf 85' lang='lat' dir='ltr'><em>fiumen</em></span> <span class='ocrx_word' id='word_1_25' title='bbox 605 1285 763 1344; x_wconf 76' lang='grc' dir='ltr'>(Αἰγὸς</span> <span class='ocrx_word' id='word_1_26' title='bbox 788 1285 1027 1342; x_wconf 79' lang='grc' dir='ltr'>ποταμοί),</span> 
     </span>
     <span class='ocr_line' id='line_1_10' title="bbox 277 1346 1028 1394; baseline -0.005 0"><span class='ocrx_word' id='word_1_27' title='bbox 277 1352 329 1394; x_wconf 88' lang='lat' dir='ltr'><em>in</em></span> <span class='ocrx_word' id='word_1_28' title='bbox 361 1349 492 1394; x_wconf 88' lang='lat' dir='ltr'><em>litore</em></span> <span class='ocrx_word' id='word_1_29' title='bbox 520 1347 737 1392; x_wconf 77' lang='lat' dir='ltr'><em>orientali</em></span> <span class='ocrx_word' id='word_1_30' title='bbox 762 1346 1028 1392; x_wconf 72' lang='lat' dir='ltr'><em>Chersonesi</em></span> 
     </span>
     <span class='ocr_line' id='line_1_11' title="bbox 280 1409 544 1454; baseline -0.004 0"><span class='ocrx_word' id='word_1_31' title='bbox 280 1409 544 1454; x_wconf 76' lang='lat' dir='ltr'><em>Thraeciae.</em></span> 
     </span>
    </p>

    <p class='ocr_par' dir='ltr' id='par_1_7' title="bbox 218 1466 788 1527">
     <span class='ocr_line' id='line_1_12' title="bbox 218 1466 788 1527; baseline -0.009 -12"><span class='ocrx_word' id='word_1_32' title='bbox 218 1471 478 1527; x_wconf 74' lang='lat' dir='ltr'><em>Aegyptus,</em></span> <span class='ocrx_word' id='word_1_33' title='bbox 511 1466 788 1525; x_wconf 78' lang='lat' dir='ltr'><em>Aegyptius.</em></span> 
     </span>
    </p>

    <p class='ocr_par' dir='ltr' id='par_1_8' title="bbox 219 1527 1028 1635">
     <span class='ocr_line' id='line_1_13' title="bbox 219 1527 1028 1586; baseline -0.002 -12"><span class='ocrx_word' id='word_1_34' title='bbox 219 1530 388 1575; x_wconf 86' lang='lat' dir='ltr'><em>Aeolia</em></span> <span class='ocrx_word' id='word_1_35' title='bbox 413 1533 452 1574; x_wconf 92' lang='lat' dir='ltr'><em>et</em></span> <span class='ocrx_word' id='word_1_36' title='bbox 470 1527 644 1582; x_wconf 70' lang='lat' dir='ltr'><em>Aeolis,</em></span> <span class='ocrx_word' id='word_1_37' title='bbox 669 1528 794 1586; x_wconf 75' lang='lat' dir='ltr'><em>reyio</em></span> <span class='ocrx_word' id='word_1_38' title='bbox 817 1528 871 1571; x_wconf 89' lang='lat' dir='ltr'><em>in</em></span> <span class='ocrx_word' id='word_1_39' title='bbox 895 1528 1028 1572; x_wconf 87' lang='lat' dir='ltr'><em>litore</em></span> 
     </span>
     <span class='ocr_line' id='line_1_14' title="bbox 279 1587 965 1635; baseline -0.007 0"><span class='ocrx_word' id='word_1_40' title='bbox 279 1589 552 1635; x_wconf 83' lang='lat' dir='ltr'><em>occidentali</em></span> <span class='ocrx_word' id='word_1_41' title='bbox 584 1588 727 1633; x_wconf 84' lang='lat' dir='ltr'><em>Asiae</em></span> <span class='ocrx_word' id='word_1_42' title='bbox 758 1587 965 1633; x_wconf 84' lang='lat' dir='ltr'><em>minoris.</em></span> 
     </span>
    </p>

    <p class='ocr_par' dir='ltr' id='par_1_9' title="bbox 219 1649 542 1706">
     <span class='ocr_line' id='line_1_15' title="bbox 219 1649 542 1706; baseline -0.01 -11"><span class='ocrx_word' id='word_1_43' title='bbox 219 1650 336 1706; x_wconf 81' lang='lat' dir='ltr'><em>Afri,</em></span> <span class='ocrx_word' id='word_1_44' title='bbox 370 1649 542 1694; x_wconf 81' lang='lat' dir='ltr'><em>Africa</em></span> 
     </span>
    </p>

    <p class='ocr_par' dir='ltr' id='par_1_10' title="bbox 218 1708 951 1766">
     <span class='ocr_line' id='line_1_16' title="bbox 218 1708 951 1766; baseline -0.003 -11"><span class='ocrx_word' id='word_1_45' title='bbox 218 1709 531 1765; x_wconf 74' lang='lat' dir='ltr'><em>Alexandrea,</em></span> <span class='ocrx_word' id='word_1_46' title='bbox 565 1712 706 1766; x_wconf 86' lang='lat' dir='ltr'><em>caput</em></span> <span class='ocrx_word' id='word_1_47' title='bbox 737 1708 951 1766; x_wconf 73' lang='lat' dir='ltr'><em>Aeyypti.</em></span> 
     </span>
    </p>

    <p class='ocr_par' dir='ltr' id='par_1_11' title="bbox 218 1745 588 1829">
     <span class='ocr_line' id='line_1_17' title="bbox 218 1745 588 1829; baseline -0.008 -14"><span class='ocrx_word' id='word_1_48' title='bbox 218 1771 379 1829; x_wconf 83' lang='lat' dir='ltr'>Alpes,</span> <span class='ocrx_word' id='word_1_49' title='bbox 412 1745 588 1827; x_wconf 69' lang='lat' dir='ltr'><em>Alpini.</em></span> 
     </span>
    </p>

    <p class='ocr_par' dir='ltr' id='par_1_12' title="bbox 218 1827 1027 1888">
     <span class='ocr_line' id='line_1_18' title="bbox 218 1827 1027 1888; baseline -0.005 -12"><span class='ocrx_word' id='word_1_50' title='bbox 218 1830 534 1888; x_wconf 64' lang='lat' dir='ltr'><em>Amphipolis,</em></span> <span class='ocrx_word' id='word_1_51' title='bbox 538 1829 759 1887; x_wconf 81' lang='lat' dir='ltr'><em>oppidum</em></span> <span class='ocrx_word' id='word_1_52' title='bbox 767 1827 1027 1873; x_wconf 77' lang='lat' dir='ltr'><em>Thraeciae.</em></span> 
     </span>
    </p>

    <p class='ocr_par' dir='ltr' id='par_1_13' title="bbox 220 1890 1031 1996">
     <span class='ocr_line' id='line_1_19' title="bbox 220 1890 1031 1961; baseline -0.004 -25"><span class='ocrx_word' id='word_1_53' title='bbox 220 1895 549 1961; x_wconf 72' lang='lat' dir='ltr'>Appenninus,</span> <span class='ocrx_word' id='word_1_54' title='bbox 589 1890 814 1935; x_wconf 82' lang='lat' dir='ltr'><em>montium</em></span> <span class='ocrx_word' id='word_1_55' title='bbox 852 1893 1031 1934; x_wconf 81' lang='lat' dir='ltr'><em>tractus</em></span> 
     </span>
     <span class='ocr_line' id='line_1_20' title="bbox 278 1952 527 1996; baseline -0.008 0"><span class='ocrx_word' id='word_1_56' title='bbox 278 1954 333 1996; x_wconf 87' lang='lat' dir='ltr'><em>in</em></span> <span class='ocrx_word' id='word_1_57' title='bbox 364 1952 527 1996; x_wconf 86' lang='lat' dir='ltr'><em>Italia.</em></span> 
     </span>
    </p>

    <p class='ocr_par' dir='ltr' id='par_1_14' title="bbox 219 2009 1028 2130">
     <span class='ocr_line' id='line_1_21' title="bbox 219 2009 1028 2071; baseline -0.004 -14"><span class='ocrx_word' id='word_1_58' title='bbox 219 2012 377 2071; x_wconf 84' lang='lat' dir='ltr'><em>Appia</em></span> <span class='ocrx_word' id='word_1_59' title='bbox 426 2012 531 2062; x_wconf 88' lang='lat' dir='ltr'><em>via,</em></span> <span class='ocrx_word' id='word_1_60' title='bbox 578 2011 700 2055; x_wconf 86' lang='lat' dir='ltr'><em>inter</em></span> <span class='ocrx_word' id='word_1_61' title='bbox 745 2009 939 2054; x_wconf 83' lang='lat' dir='ltr'><em>Romam</em></span> <span class='ocrx_word' id='word_1_62' title='bbox 987 2013 1028 2055; x_wconf 76' lang='lat' dir='ltr'><em>et</em></span> 
     </span>
     <span class='ocr_line' id='line_1_22' title="bbox 283 2072 602 2130; baseline -0.016 -12"><span class='ocrx_word' id='word_1_63' title='bbox 283 2072 602 2130; x_wconf 78' lang='lat' dir='ltr'><em>Campaniam.</em></span> 
     </span>
    </p>

    <p class='ocr_par' dir='ltr' id='par_1_15' title="bbox 220 2131 1026 2191">
     <span class='ocr_line' id='line_1_23' title="bbox 220 2131 1026 2191; baseline -0.005 -13"><span class='ocrx_word' id='word_1_64' title='bbox 220 2133 409 2191; x_wconf 85' lang='lat' dir='ltr'><em>Apulia,</em></span> <span class='ocrx_word' id='word_1_65' title='bbox 434 2133 560 2190; x_wconf 76' lang='lat' dir='ltr'><em>reyio</em></span> <span class='ocrx_word' id='word_1_66' title='bbox 579 2131 754 2175; x_wconf 85' lang='lat' dir='ltr'><em>Italiae</em></span> <span class='ocrx_word' id='word_1_67' title='bbox 774 2131 1026 2186; x_wconf 80' lang='lat' dir='ltr'><em>inferioris.</em></span> 
     </span>
    </p>

    <p class='ocr_par' dir='ltr' id='par_1_16' title="bbox 220 2191 1028 2298">
     <span class='ocr_line' id='line_1_24' title="bbox 220 2191 1028 2260; baseline -0.003 -22"><span class='ocrx_word' id='word_1_68' title='bbox 220 2192 454 2247; x_wconf 86' lang='lat' dir='ltr'><em>Arcadia,</em></span> <span class='ocrx_word' id='word_1_69' title='bbox 511 2193 635 2260; x_wconf 62' lang='lat' dir='ltr'><em>regio</em></span> <span class='ocrx_word' id='word_1_70' title='bbox 694 2191 1028 2248; x_wconf 75' lang='lat' dir='ltr'><em>Peloponnesi,</em></span> 
     </span>
     <span class='ocr_line' id='line_1_25' title="bbox 282 2251 854 2307; baseline 0 -11"><span class='ocrx_word' id='word_1_71' title='bbox 282 2253 505 2307; x_wconf 73' lang='lat' dir='ltr'><em>ArcadeS,</em></span> <span class='ocrx_word' id='word_1_72' title='bbox 537 2254 634 2296; x_wconf 80' lang='lat' dir='ltr'><em>eius</em></span> <span class='ocrx_word' id='word_1_73' title='bbox 663 2251 854 2296; x_wconf 79' lang='lat' dir='ltr'><em>incolae.</em></span> 
     </span>
    </p>

    <p class='ocr_par' dir='ltr' id='par_1_17' title="bbox 222 2311 1029 2490">
     <span class='ocr_line' id='line_1_26' title="bbox 222 2311 1029 2383; baseline -0.004 -25"><span class='ocrx_word' id='word_1_74' title='bbox 222 2315 351 2383; x_wconf 70' lang='lat' dir='ltr'><em>Argi,</em></span> <span class='ocrx_word' id='word_1_75' title='bbox 385 2318 526 2371; x_wconf 84' lang='lat' dir='ltr'><em>caput</em></span> <span class='ocrx_word' id='word_1_76' title='bbox 555 2312 757 2370; x_wconf 71' lang='lat' dir='ltr'><em>reqionis</em></span> <span class='ocrx_word' id='word_1_77' title='bbox 788 2311 1029 2368; x_wconf 72' lang='lat' dir='ltr'><em>Aryolidis</em></span> 
     </span>
     <span class='ocr_line' id='line_1_27' title="bbox 283 2370 1030 2430; baseline -0.007 -11"><span class='ocrx_word' id='word_1_78' title='bbox 283 2377 335 2419; x_wconf 85' lang='lat' dir='ltr'><em>in</em></span> <span class='ocrx_word' id='word_1_79' title='bbox 371 2373 714 2430; x_wconf 85' lang='lat' dir='ltr'><em>Peloponneso;</em></span> <span class='ocrx_word' id='word_1_80' title='bbox 744 2370 926 2427; x_wconf 81' lang='lat' dir='ltr'><em>Argivi,</em></span> <span class='ocrx_word' id='word_1_81' title='bbox 958 2373 1030 2415; x_wconf 88' lang='lat' dir='ltr'><em>in-</em></span> 
     </span>
     <span class='ocr_line' id='line_1_28' title="bbox 283 2433 928 2490; baseline -0.005 -11"><span class='ocrx_word' id='word_1_82' title='bbox 283 2435 406 2480; x_wconf 89' lang='lat' dir='ltr'><em>colae</em></span> <span class='ocrx_word' id='word_1_83' title='bbox 437 2434 567 2479; x_wconf 84' lang='lat' dir='ltr'><em>urbis</em></span> <span class='ocrx_word' id='word_1_84' title='bbox 598 2437 681 2477; x_wconf 86' lang='lat' dir='ltr'><em>aut</em></span> <span class='ocrx_word' id='word_1_85' title='bbox 712 2433 928 2490; x_wconf 70' lang='lat' dir='ltr'><em>reqionis.</em></span> 
     </span>
    </p>

    <p class='ocr_par' dir='ltr' id='par_1_18' title="bbox 224 2491 1031 2611">
     <span class='ocr_line' id='line_1_29' title="bbox 224 2491 1031 2552; baseline -0.004 -13"><span class='ocrx_word' id='word_1_86' title='bbox 224 2494 458 2552; x_wconf 64' lang='lat' dir='ltr'><em>Argilius,</em></span> <span class='ocrx_word' id='word_1_87' title='bbox 481 2494 659 2538; x_wconf 81' lang='lat' dir='ltr'><em>incolae</em></span> <span class='ocrx_word' id='word_1_88' title='bbox 678 2491 837 2550; x_wconf 70' lang='lat' dir='ltr'><em>Aryili</em></span> <span class='ocrx_word' id='word_1_89' title='bbox 860 2494 874 2549; x_wconf 90' lang='lat'>(</span> <span class='ocrx_word' id='word_1_90' title='bbox 880 2493 1031 2548; x_wconf 78' lang='grc' dir='ltr'>”·Αργι</span> 
     </span>
     <span class='ocr_line' id='line_1_30' title="bbox 285 2553 931 2611; baseline -0.002 -13"><span class='ocrx_word' id='word_1_91' title='bbox 285 2556 380 2611; x_wconf 73' lang='grc' dir='ltr'>λος)</span> <span class='ocrx_word' id='word_1_92' title='bbox 414 2555 576 2611; x_wconf 78' lang='lat' dir='ltr'><em>oppidi</em></span> <span class='ocrx_word' id='word_1_93' title='bbox 607 2555 659 2598; x_wconf 89' lang='lat' dir='ltr'><em>in</em></span> <span class='ocrx_word' id='word_1_94' title='bbox 696 2553 931 2598; x_wconf 82' lang='lat' dir='ltr'><em>Thraecia.</em></span> 
     </span>
    </p>

    <p class='ocr_par' dir='ltr' id='par_1_19' title="bbox 224 2614 870 2671">
     <span class='ocr_line' id='line_1_31' title="bbox 224 2614 870 2671; baseline 0 -13"><span class='ocrx_word' id='word_1_95' title='bbox 224 2614 449 2670; x_wconf 78' lang='lat' dir='ltr'><em>Armenii,</em></span> <span class='ocrx_word' id='word_1_96' title='bbox 475 2615 682 2671; x_wconf 82' lang='lat' dir='ltr'><em>populus</em></span> <span class='ocrx_word' id='word_1_97' title='bbox 714 2614 870 2659; x_wconf 69' lang='lat' dir='ltr'><em>Asiae.</em></span> 
     </span>
    </p>

    <p class='ocr_par' dir='ltr' id='par_1_20' title="bbox 225 2672 1032 2780">
     <span class='ocr_line' id='line_1_32' title="bbox 225 2672 1032 2731; baseline -0.001 -12"><span class='ocrx_word' id='word_1_98' title='bbox 225 2676 498 2719; x_wconf 71' lang='lat' dir='ltr'><em>Arretinum</em></span> <span class='ocrx_word' id='word_1_99' title='bbox 523 2672 786 2731; x_wconf 74' lang='lat' dir='ltr'><em>praedium,</em></span> <span class='ocrx_word' id='word_1_100' title='bbox 810 2675 862 2718; x_wconf 82' lang='lat' dir='ltr'><em>in</em></span> <span class='ocrx_word' id='word_1_101' title='bbox 885 2673 935 2718; x_wconf 88' lang='lat' dir='ltr'><em>F</em></span> <span class='ocrx_word' id='word_1_102' title='bbox 936 2677 1032 2718; x_wconf 77' lang='lat' dir='ltr'><em>tra</em></span> 
     </span>
     <span class='ocr_line' id='line_1_33' title="bbox 285 2736 720 2780; baseline -0.007 -0.986"><span class='ocrx_word' id='word_1_103' title='bbox 285 2736 373 2780; x_wconf 85' lang='lat' dir='ltr'><em>ria.</em></span> <span class='ocrx_word' id='word_1_104' title='bbox 717 2759 720 2762; x_wconf 31' lang='grc' dir='ltr'><strong><em>ι</em></strong></span> 
     </span>
    </p>

    <p class='ocr_par' dir='ltr' id='par_1_21' title="bbox 224 2793 1034 2901">
     <span class='ocr_line' id='line_1_34' title="bbox 224 2793 1034 2851; baseline -0.004 -10"><span class='ocrx_word' id='word_1_105' title='bbox 224 2793 544 2848; x_wconf 75' lang='lat' dir='ltr'><em>Artemisium,</em></span> <span class='ocrx_word' id='word_1_106' title='bbox 566 2795 945 2851; x_wconf 80' lang='lat' dir='ltr'><em>promunturium</em></span> <span class='ocrx_word' id='word_1_107' title='bbox 961 2793 1034 2838; x_wconf 87' lang='lat' dir='ltr'><em>in-</em></span> 
     </span>
     <span class='ocr_line' id='line_1_35' title="bbox 286 2855 672 2901; baseline -0.008 0"><span class='ocrx_word' id='word_1_108' title='bbox 286 2857 414 2901; x_wconf 81' lang='lat' dir='ltr'><em>sulae</em></span> <span class='ocrx_word' id='word_1_109' title='bbox 445 2855 672 2900; x_wconf 80' lang='lat' dir='ltr'><em>Euboeae.</em></span> 
     </span>
    </p>

    <p class='ocr_par' dir='ltr' id='par_1_22' title="bbox 226 2915 1034 3028">
     <span class='ocr_line' id='line_1_36' title="bbox 226 2915 1034 2972; baseline 0 -12"><span class='ocrx_word' id='word_1_110' title='bbox 226 2916 360 2972; x_wconf 73' lang='lat' dir='ltr'><em>Asia,</em></span> <span class='ocrx_word' id='word_1_111' title='bbox 409 2916 451 2971; x_wconf 91' lang='lat'><em>1)</em></span> <span class='ocrx_word' id='word_1_112' title='bbox 484 2929 596 2970; x_wconf 79' lang='lat' dir='ltr'><em>pars</em></span> <span class='ocrx_word' id='word_1_113' title='bbox 628 2915 752 2960; x_wconf 88' lang='lat' dir='ltr'><em>orbis</em></span> <span class='ocrx_word' id='word_1_114' title='bbox 791 2918 1034 2970; x_wconf 83' lang='lat' dir='ltr'><em>terrarum,</em></span> 
     </span>
     <span class='ocr_line' id='line_1_37' title="bbox 288 2975 754 3028; baseline -0.002 -8"><span class='ocrx_word' id='word_1_115' title='bbox 288 2979 332 3028; x_wconf 82' lang='lat'><em>2)</em></span> <span class='ocrx_word' id='word_1_116' title='bbox 359 2997 415 3013; x_wconf 83' lang='lat'>=</span> <span class='ocrx_word' id='word_1_117' title='bbox 440 2975 559 3021; x_wconf 69' lang='lat' dir='ltr'><em>Asia</em></span> <span class='ocrx_word' id='word_1_118' title='bbox 590 2976 754 3020; x_wconf 86' lang='lat' dir='ltr'><em>minor.</em></span> 
     </span>
    </p>
   </div>
   <div class='ocr_carea' id='block_1_4' title="bbox 1118 921 1932 1341">
    <p class='ocr_par' dir='ltr' id='par_1_23' title="bbox 1118 921 1929 1089">
     <span class='ocr_line' id='line_1_38' title="bbox 1118 921 1929 980; baseline 0.001 -14"><span class='ocrx_word' id='word_1_119' title='bbox 1118 921 1368 979; x_wconf 85' lang='lat' dir='ltr'><em>Aspendii,</em></span> <span class='ocrx_word' id='word_1_120' title='bbox 1416 922 1594 967; x_wconf 79' lang='lat' dir='ltr'><em>incolae</em></span> <span class='ocrx_word' id='word_1_121' title='bbox 1637 922 1800 980; x_wconf 83' lang='lat' dir='ltr'><em>oppidi</em></span> <span class='ocrx_word' id='word_1_122' title='bbox 1840 923 1929 967; x_wconf 83' lang='lat' dir='ltr'><em>As-</em></span> 
     </span>
     <span class='ocr_line' id='line_1_39' title="bbox 1171 982 1928 1040; baseline 0.001 -14"><span class='ocrx_word' id='word_1_123' title='bbox 1171 982 1319 1040; x_wconf 85' lang='lat' dir='ltr'><em>pendi</em></span> <span class='ocrx_word' id='word_1_124' title='bbox 1361 982 1649 1040; x_wconf 78' lang='grc' dir='ltr'>(Ἄεπενδοε)</span> <span class='ocrx_word' id='word_1_125' title='bbox 1697 982 1928 1040; x_wconf 75' lang='lat' dir='ltr'><em>Pamphy-</em></span> 
     </span>
     <span class='ocr_line' id='line_1_40' title="bbox 1180 1041 1726 1089; baseline 0.004 -2"><span class='ocrx_word' id='word_1_126' title='bbox 1180 1044 1271 1087; x_wconf 88' lang='lat' dir='ltr'><em>liae</em></span> <span class='ocrx_word' id='word_1_127' title='bbox 1301 1043 1355 1087; x_wconf 88' lang='lat' dir='ltr'><em>in</em></span> <span class='ocrx_word' id='word_1_128' title='bbox 1386 1041 1508 1087; x_wconf 83' lang='lat' dir='ltr'><em>Asia</em></span> <span class='ocrx_word' id='word_1_129' title='bbox 1537 1043 1726 1089; x_wconf 88' lang='lat' dir='ltr'><em>minore.</em></span> 
     </span>
    </p>

    <p class='ocr_par' dir='ltr' id='par_1_24' title="bbox 1119 1102 1867 1160">
     <span class='ocr_line' id='line_1_41' title="bbox 1119 1102 1867 1160; baseline 0.003 -14"><span class='ocrx_word' id='word_1_130' title='bbox 1119 1103 1434 1157; x_wconf 75' lang='lat' dir='ltr'><em>AthamaneS,</em></span> <span class='ocrx_word' id='word_1_131' title='bbox 1465 1116 1575 1160; x_wconf 68' lang='lat' dir='ltr'><em>qens</em></span> <span class='ocrx_word' id='word_1_132' title='bbox 1605 1102 1867 1160; x_wconf 77' lang='lat' dir='ltr'><em>Epirotica.</em></span> 
     </span>
    </p>

    <p class='ocr_par' dir='ltr' id='par_1_25' title="bbox 1120 1161 1703 1218">
     <span class='ocr_line' id='line_1_42' title="bbox 1120 1161 1703 1218; baseline 0.002 -11"><span class='ocrx_word' id='word_1_133' title='bbox 1120 1164 1353 1218; x_wconf 79' lang='lat' dir='ltr'><em>Athenae,</em></span> <span class='ocrx_word' id='word_1_134' title='bbox 1385 1161 1703 1208; x_wconf 77' lang='lat' dir='ltr'><em>Atheniensis.</em></span> 
     </span>
    </p>

    <p class='ocr_par' dir='ltr' id='par_1_26' title="bbox 1119 1221 1932 1341">
     <span class='ocr_line' id='line_1_43' title="bbox 1119 1221 1932 1281; baseline 0.001 -14"><span class='ocrx_word' id='word_1_135' title='bbox 1119 1223 1299 1279; x_wconf 62' lang='lat' dir='ltr'><em>Attica,</em></span> <span class='ocrx_word' id='word_1_136' title='bbox 1331 1224 1457 1281; x_wconf 76' lang='lat' dir='ltr'><em>reyio</em></span> <span class='ocrx_word' id='word_1_137' title='bbox 1479 1224 1656 1268; x_wconf 84' lang='lat' dir='ltr'><em>mediae</em></span> <span class='ocrx_word' id='word_1_138' title='bbox 1683 1221 1932 1279; x_wconf 75' lang='lat' dir='ltr'><em>Graeciae,-</em></span> 
     </span>
     <span class='ocr_line' id='line_1_44' title="bbox 1179 1283 1697 1341; baseline -0.004 -13"><span class='ocrx_word' id='word_1_139' title='bbox 1179 1283 1343 1341; x_wconf 76' lang='lat' dir='ltr'><em>Attici,</em></span> <span class='ocrx_word' id='word_1_140' title='bbox 1375 1285 1475 1329; x_wconf 86' lang='lat' dir='ltr'><em>eius</em></span> <span class='ocrx_word' id='word_1_141' title='bbox 1505 1285 1697 1330; x_wconf 75' lang='lat' dir='ltr'><em>incolae.</em></span> 
     </span>
    </p>
   </div>
   <div class='ocr_carea' id='block_1_5' title="bbox 1119 1403 1931 2053">
    <p class='ocr_par' dir='ltr' id='par_1_27' title="bbox 1119 1403 1931 1522">
     <span class='ocr_line' id='line_1_45' title="bbox 1119 1403 1931 1465; baseline 0.002 -18"><span class='ocrx_word' id='word_1_142' title='bbox 1119 1403 1350 1462; x_wconf 54' lang='lat' dir='ltr'><em>Babff‘lon,</em></span> <span class='ocrx_word' id='word_1_143' title='bbox 1383 1407 1526 1462; x_wconf 87' lang='lat' dir='ltr'><em>caput</em></span> <span class='ocrx_word' id='word_1_144' title='bbox 1547 1404 1841 1465; x_wconf 76' lang='lat' dir='ltr'><em>Babyloniae</em></span> <span class='ocrx_word' id='word_1_145' title='bbox 1869 1403 1931 1449; x_wconf 77' lang='lat' dir='ltr'><em>acl</em></span> 
     </span>
     <span class='ocr_line' id='line_1_46' title="bbox 1180 1465 1656 1522; baseline 0.002 -13"><span class='ocrx_word' id='word_1_146' title='bbox 1180 1465 1473 1522; x_wconf 78' lang='lat' dir='ltr'><em>Euphratem</em></span> <span class='ocrx_word' id='word_1_147' title='bbox 1502 1466 1656 1511; x_wconf 83' lang='lat' dir='ltr'><em>situm.</em></span> 
     </span>
    </p>

    <p class='ocr_par' dir='ltr' id='par_1_28' title="bbox 1119 1524 1930 1642">
     <span class='ocr_line' id='line_1_47' title="bbox 1119 1524 1930 1583; baseline 0.002 -15"><span class='ocrx_word' id='word_1_148' title='bbox 1119 1524 1361 1581; x_wconf 82' lang='lat' dir='ltr'><em>Bithynia,</em></span> <span class='ocrx_word' id='word_1_149' title='bbox 1391 1526 1517 1583; x_wconf 74' lang='lat' dir='ltr'><em>reyio</em></span> <span class='ocrx_word' id='word_1_150' title='bbox 1544 1526 1690 1571; x_wconf 83' lang='lat' dir='ltr'><em>Asiae</em></span> <span class='ocrx_word' id='word_1_151' title='bbox 1711 1525 1906 1570; x_wconf 83' lang='lat' dir='ltr'><em>minoris</em></span> <span class='ocrx_word' id='word_1_152' title='bbox 1914 1541 1930 1579; x_wconf 91' lang='lat'><em>,·</em></span> 
     </span>
     <span class='ocr_line' id='line_1_48' title="bbox 1180 1584 1746 1642; baseline 0.005 -14"><span class='ocrx_word' id='word_1_153' title='bbox 1180 1584 1388 1642; x_wconf 81' lang='lat' dir='ltr'><em>Bithyni,</em></span> <span class='ocrx_word' id='word_1_154' title='bbox 1425 1587 1524 1631; x_wconf 91' lang='lat' dir='ltr'><em>eius</em></span> <span class='ocrx_word' id='word_1_155' title='bbox 1553 1587 1746 1631; x_wconf 85' lang='lat' dir='ltr'><em>incolae.</em></span> 
     </span>
    </p>

    <p class='ocr_par' dir='ltr' id='par_1_29' title="bbox 1120 1645 1927 1751">
     <span class='ocr_line' id='line_1_49' title="bbox 1120 1645 1927 1702; baseline 0.001 -14"><span class='ocrx_word' id='word_1_156' title='bbox 1120 1645 1363 1702; x_wconf 81' lang='lat' dir='ltr'><em>Bizanthe,</em></span> <span class='ocrx_word' id='word_1_157' title='bbox 1388 1646 1609 1702; x_wconf 84' lang='lat' dir='ltr'><em>oppidum</em></span> <span class='ocrx_word' id='word_1_158' title='bbox 1626 1650 1668 1690; x_wconf 90' lang='lat' dir='ltr'><em>et</em></span> <span class='ocrx_word' id='word_1_159' title='bbox 1695 1645 1927 1691; x_wconf 86' lang='lat' dir='ltr'><em>castellum</em></span> 
     </span>
     <span class='ocr_line' id='line_1_50' title="bbox 1184 1705 1444 1751; baseline 0 -2"><span class='ocrx_word' id='word_1_160' title='bbox 1184 1705 1444 1751; x_wconf 86' lang='lat' dir='ltr'><em>Thraeciae.</em></span> 
     </span>
    </p>

    <p class='ocr_par' dir='ltr' id='par_1_30' title="bbox 1122 1764 1930 2004">
     <span class='ocr_line' id='line_1_51' title="bbox 1122 1764 1929 1822; baseline 0 -13"><span class='ocrx_word' id='word_1_161' title='bbox 1122 1764 1310 1822; x_wconf 75' lang='lat' dir='ltr'><em>Boeoti,</em></span> <span class='ocrx_word' id='word_1_162' title='bbox 1357 1767 1536 1812; x_wconf 88' lang='lat' dir='ltr'><em>incolae</em></span> <span class='ocrx_word' id='word_1_163' title='bbox 1572 1766 1813 1821; x_wconf 81' lang='lat' dir='ltr'><em>Boeotiae,</em></span> <span class='ocrx_word' id='word_1_164' title='bbox 1861 1777 1929 1809; x_wconf 86' lang='lat' dir='ltr'><em>re-</em></span> 
     </span>
     <span class='ocr_line' id='line_1_52' title="bbox 1182 1825 1847 1883; baseline -0.003 -13"><span class='ocrx_word' id='word_1_165' title='bbox 1182 1827 1335 1883; x_wconf 71' lang='lat' dir='ltr'><em>qionis</em></span> <span class='ocrx_word' id='word_1_166' title='bbox 1364 1827 1418 1872; x_wconf 84' lang='lat' dir='ltr'><em>in</em></span> <span class='ocrx_word' id='word_1_167' title='bbox 1448 1827 1600 1872; x_wconf 82' lang='lat' dir='ltr'><em>media</em></span> <span class='ocrx_word' id='word_1_168' title='bbox 1635 1825 1847 1870; x_wconf 84' lang='lat' dir='ltr'><em>Graecia.</em></span> 
     </span>
     <span class='ocr_line' id='line_1_53' title="bbox 1122 1885 1928 1944; baseline 0.001 -15"><span class='ocrx_word' id='word_1_169' title='bbox 1122 1885 1405 1944; x_wconf 75' lang='lat' dir='ltr'><em>Byzantium</em></span> <span class='ocrx_word' id='word_1_170' title='bbox 1434 1887 1510 1942; x_wconf 92' lang='lat'><em>(=</em></span> <span class='ocrx_word' id='word_1_171' title='bbox 1535 1885 1928 1942; x_wconf 86' lang='lat' dir='ltr'><em>Constantinopo-</em></span> 
     </span>
     <span class='ocr_line' id='line_1_54' title="bbox 1182 1944 1930 2004; baseline -0.001 -13"><span class='ocrx_word' id='word_1_172' title='bbox 1182 1946 1275 2004; x_wconf 78' lang='lat' dir='ltr'><em>lis),</em></span> <span class='ocrx_word' id='word_1_173' title='bbox 1289 1947 1400 1993; x_wconf 84' lang='lat' dir='ltr'><em>wrbs</em></span> <span class='ocrx_word' id='word_1_174' title='bbox 1412 1947 1662 1993; x_wconf 86' lang='lat' dir='ltr'><em>Thraeciae</em></span> <span class='ocrx_word' id='word_1_175' title='bbox 1669 1963 1685 2001; x_wconf 89' lang='lat'><em>;</em></span> <span class='ocrx_word' id='word_1_176' title='bbox 1697 1944 1930 2003; x_wconf 74' lang='lat' dir='ltr'><em>Byzantii,</em></span> 
     </span>
    </p>

    <p class='ocr_par' dir='ltr' id='par_1_31' title="bbox 1180 2007 1498 2053">
     <span class='ocr_line' id='line_1_55' title="bbox 1180 2007 1498 2053; baseline -0.009 0"><span class='ocrx_word' id='word_1_177' title='bbox 1180 2008 1279 2053; x_wconf 87' lang='lat' dir='ltr'><em>eius</em></span> <span class='ocrx_word' id='word_1_178' title='bbox 1307 2007 1498 2053; x_wconf 83' lang='lat' dir='ltr'><em>incolae.</em></span> 
     </span>
    </p>
   </div>
   <div class='ocr_carea' id='block_1_6' title="bbox 1121 2127 1933 3019">
    <p class='ocr_par' dir='ltr' id='par_1_32' title="bbox 1121 2127 1931 2307">
     <span class='ocr_line' id='line_1_56' title="bbox 1121 2127 1774 2184; baseline -0.003 -12"><span class='ocrx_word' id='word_1_179' title='bbox 1121 2127 1340 2184; x_wconf 78' lang='lat' dir='ltr'><em>Cadmea,</em></span> <span class='ocrx_word' id='word_1_180' title='bbox 1374 2142 1465 2174; x_wconf 76' lang='lat' dir='ltr'><em>arx</em></span> <span class='ocrx_word' id='word_1_181' title='bbox 1501 2127 1774 2174; x_wconf 78' lang='lat' dir='ltr'><em>Thebarum.</em></span> 
     </span>
     <span class='ocr_line' id='line_1_57' title="bbox 1122 2187 1931 2246; baseline -0.004 -12"><span class='ocrx_word' id='word_1_182' title='bbox 1122 2187 1328 2244; x_wconf 83' lang='lat' dir='ltr'><em>Cadusii,</em></span> <span class='ocrx_word' id='word_1_183' title='bbox 1350 2202 1459 2246; x_wconf 70' lang='lat' dir='ltr'><em>qens</em></span> <span class='ocrx_word' id='word_1_184' title='bbox 1475 2189 1693 2234; x_wconf 85' lang='lat' dir='ltr'><em>Asiatica</em></span> <span class='ocrx_word' id='word_1_185' title='bbox 1719 2187 1782 2233; x_wconf 81' lang='lat' dir='ltr'><em>acl</em></span> <span class='ocrx_word' id='word_1_186' title='bbox 1805 2200 1931 2231; x_wconf 89' lang='lat' dir='ltr'><em>mare</em></span> 
     </span>
     <span class='ocr_line' id='line_1_58' title="bbox 1183 2247 1416 2307; baseline 0 -13"><span class='ocrx_word' id='word_1_187' title='bbox 1183 2247 1416 2307; x_wconf 75' lang='lat' dir='ltr'><em>Caspium.</em></span> 
     </span>
    </p>

    <p class='ocr_par' dir='ltr' id='par_1_33' title="bbox 1123 2307 1931 2487">
     <span class='ocr_line' id='line_1_59' title="bbox 1123 2307 1930 2367; baseline -0.002 -13"><span class='ocrx_word' id='word_1_188' title='bbox 1123 2308 1379 2354; x_wconf 75' lang='lat' dir='ltr'><em>Cannensis</em></span> <span class='ocrx_word' id='word_1_189' title='bbox 1410 2322 1596 2367; x_wconf 87' lang='lat' dir='ltr'><em>pugna,</em></span> <span class='ocrx_word' id='word_1_190' title='bbox 1629 2308 1692 2353; x_wconf 82' lang='lat' dir='ltr'><em>acl</em></span> <span class='ocrx_word' id='word_1_191' title='bbox 1724 2307 1930 2364; x_wconf 83' lang='lat' dir='ltr'><em>Cannas,</em></span> 
     </span>
     <span class='ocr_line' id='line_1_60' title="bbox 1183 2369 1867 2425; baseline -0.001 -11"><span class='ocrx_word' id='word_1_192' title='bbox 1183 2370 1390 2425; x_wconf 81' lang='lat' dir='ltr'><em>Apuliae</em></span> <span class='ocrx_word' id='word_1_193' title='bbox 1421 2369 1585 2423; x_wconf 82' lang='lat' dir='ltr'><em>vicum,</em></span> <span class='ocrx_word' id='word_1_194' title='bbox 1617 2369 1867 2413; x_wconf 86' lang='lat' dir='ltr'><em>commissa.</em></span> 
     </span>
     <span class='ocr_line' id='line_1_61' title="bbox 1124 2430 1931 2487; baseline -0.001 -13"><span class='ocrx_word' id='word_1_195' title='bbox 1124 2430 1408 2487; x_wconf 75' lang='lat' dir='ltr'><em>Capitolium</em></span> <span class='ocrx_word' id='word_1_196' title='bbox 1427 2464 1438 2484; x_wconf 91' lang='lat'><em>,</em></span> <span class='ocrx_word' id='word_1_197' title='bbox 1493 2442 1617 2474; x_wconf 87' lang='lat' dir='ltr'><em>unus</em></span> <span class='ocrx_word' id='word_1_198' title='bbox 1664 2442 1720 2474; x_wconf 78' lang='lat' dir='ltr'><em>ex</em></span> <span class='ocrx_word' id='word_1_199' title='bbox 1764 2431 1931 2486; x_wconf 83' lang='lat' dir='ltr'><em>septem</em></span> 
     </span>
    </p>

    <p class='ocr_par' dir='ltr' id='par_1_34' title="bbox 1126 2488 1933 3019">
     <span class='ocr_line' id='line_1_62' title="bbox 1183 2488 1593 2535; baseline 0 -1"><span class='ocrx_word' id='word_1_200' title='bbox 1183 2490 1375 2535; x_wconf 84' lang='lat' dir='ltr'><em>collibus</em></span> <span class='ocrx_word' id='word_1_201' title='bbox 1406 2488 1593 2535; x_wconf 86' lang='lat' dir='ltr'><em>Romae.</em></span> 
     </span>
     <span class='ocr_line' id='line_1_63' title="bbox 1127 2546 1930 2607; baseline -0.001 -12"><span class='ocrx_word' id='word_1_202' title='bbox 1127 2549 1444 2607; x_wconf 84' lang='lat' dir='ltr'><em>Cappadocia,</em></span> <span class='ocrx_word' id='word_1_203' title='bbox 1467 2552 1593 2607; x_wconf 75' lang='lat' dir='ltr'><em>reyio</em></span> <span class='ocrx_word' id='word_1_204' title='bbox 1617 2549 1785 2606; x_wconf 82' lang='lat' dir='ltr'><em>Asiae;</em></span> <span class='ocrx_word' id='word_1_205' title='bbox 1812 2546 1930 2606; x_wconf 85' lang='lat' dir='ltr'><em>Cap·</em></span> 
     </span>
     <span class='ocr_line' id='line_1_64' title="bbox 1184 2610 1752 2667; baseline 0 -12"><span class='ocrx_word' id='word_1_206' title='bbox 1184 2610 1402 2667; x_wconf 68' lang='lat' dir='ltr'><em>padoces,</em></span> <span class='ocrx_word' id='word_1_207' title='bbox 1433 2611 1532 2655; x_wconf 86' lang='lat' dir='ltr'><em>eius</em></span> <span class='ocrx_word' id='word_1_208' title='bbox 1561 2610 1752 2655; x_wconf 84' lang='lat' dir='ltr'><em>incolae.</em></span> 
     </span>
     <span class='ocr_line' id='line_1_65' title="bbox 1126 2669 1763 2728; baseline -0.002 -14"><span class='ocrx_word' id='word_1_209' title='bbox 1126 2669 1361 2727; x_wconf 72' lang='lat' dir='ltr'><em>Captiani,</em></span> <span class='ocrx_word' id='word_1_210' title='bbox 1394 2684 1503 2728; x_wconf 70' lang='lat' dir='ltr'><em>qens</em></span> <span class='ocrx_word' id='word_1_211' title='bbox 1533 2671 1763 2716; x_wconf 83' lang='lat' dir='ltr'><em>Asiatica.</em></span> 
     </span>
     <span class='ocr_line' id='line_1_66' title="bbox 1126 2730 1930 2790; baseline -0.001 -15"><span class='ocrx_word' id='word_1_212' title='bbox 1126 2731 1300 2788; x_wconf 87' lang='lat' dir='ltr'><em>Capua,</em></span> <span class='ocrx_word' id='word_1_213' title='bbox 1333 2735 1473 2789; x_wconf 85' lang='lat' dir='ltr'><em>caput</em></span> <span class='ocrx_word' id='word_1_214' title='bbox 1501 2731 1704 2790; x_wconf 75' lang='lat' dir='ltr'><em>reqionis</em></span> <span class='ocrx_word' id='word_1_215' title='bbox 1735 2730 1930 2787; x_wconf 88' lang='lat' dir='ltr'><em>Campa-</em></span> 
     </span>
     <span class='ocr_line' id='line_1_67' title="bbox 1185 2806 1306 2837; baseline 0.008 -1"><span class='ocrx_word' id='word_1_216' title='bbox 1185 2806 1306 2837; x_wconf 80' lang='lat' dir='ltr'><em>niae.</em></span> 
     </span>
     <span class='ocr_line' id='line_1_68' title="bbox 1127 2851 1506 2908; baseline -0.003 -12"><span class='ocrx_word' id='word_1_217' title='bbox 1127 2852 1231 2908; x_wconf 90' lang='lat' dir='ltr'><em>Car,</em></span> <span class='ocrx_word' id='word_1_218' title='bbox 1264 2852 1322 2908; x_wconf 81' lang='lat' dir='ltr'><em>cf.</em></span> <span class='ocrx_word' id='word_1_219' title='bbox 1356 2851 1506 2897; x_wconf 86' lang='lat' dir='ltr'><em>Caria.</em></span> 
     </span>
     <span class='ocr_line' id='line_1_69' title="bbox 1129 2908 1932 2969; baseline -0.005 -12"><span class='ocrx_word' id='word_1_220' title='bbox 1129 2912 1409 2969; x_wconf 79' lang='lat' dir='ltr'><em>Cardianus,</em></span> <span class='ocrx_word' id='word_1_221' title='bbox 1453 2926 1510 2958; x_wconf 65' lang='grc' dir='ltr'><em>εει*</em></span> <span class='ocrx_word' id='word_1_222' title='bbox 1549 2911 1727 2958; x_wconf 84' lang='lat' dir='ltr'><em>Cardia</em></span> <span class='ocrx_word' id='word_1_223' title='bbox 1763 2908 1932 2967; x_wconf 81' lang='lat' dir='ltr'><em>oppido</em></span> 
     </span>
     <span class='ocr_line' id='line_1_70' title="bbox 1176 2970 1933 3019; baseline -0.005 -1"><span class='ocrx_word' id='word_1_224' title='bbox 1176 2973 1301 3018; x_wconf 83' lang='lat' dir='ltr'><em>ultra</em></span> <span class='ocrx_word' id='word_1_225' title='bbox 1315 2971 1636 3019; x_wconf 83' lang='lat' dir='ltr'><em>Chersonesum</em></span> <span class='ocrx_word' id='word_1_226' title='bbox 1649 2970 1933 3016; x_wconf 86' lang='lat' dir='ltr'><em>Thraeciam.</em></span> 
     </span>
    </p>
   </div>
  </div>
 </body>
</html>
