2164 3358
7 369 18 419 l

625 116 725 161 vn.
761 115 1152 164 ALCIBIADES.
1205 121 1248 162 8.
1285 122 1324 162 9.
1784 120 1857 174 29

42 277 52 288 ·
105 241 498 298 conflicturum
549 247 648 298 aut
688 243 900 297 bellum
943 242 1402 313 compositurum.
1482 243 1538 297 id
1582 243 1688 297 etsi
1732 264 1857 299 vere
1891 258 1918 299 4

103 319 318 375 dictum
359 319 640 375 Philocles
682 319 1179 390 animadvertebat,
1221 323 1410 374 tamen
1451 321 1742 391 postulata
1782 321 1858 375 fa—

106 415 229 451 cere
269 397 469 468 noluit,
512 397 659 469 quod
702 396 983 451 sentiebat
1025 414 1083 450 se
1126 396 1418 451 Alcibiade
1468 401 1694 468 recepto
1740 398 1860 452 nul-

104 473 214 528 lius
257 475 528 528 momenti
571 473 716 546 apud
757 472 1064 527 exercitum
1105 472 1359 528 futurum
1400 478 1473 546 et,
1515 475 1563 528 si
1606 475 1737 545 quid
1781 494 1859 530 se-

105 550 271 606 cundi
320 551 620 622 evenisset,
666 550 880 604 nullam
929 549 988 603 in
1030 568 1094 604 ea
1134 569 1192 604 re
1244 569 1403 605 suam
1453 555 1673 622 partem
1723 551 1859 624 fore,

105 631 303 683 contra
351 647 439 700 ea,
490 628 538 682 si
587 626 720 698 quid
770 626 986 681 adversi
1036 626 1355 699 accidisset,
1409 647 1466 682 se
1516 648 1689 683 unum
1739 630 1858 684 eius

104 704 296 760 delicti
351 704 604 760 futurum
660 721 832 757 reum.
913 703 982 758 ab
1036 703 1145 759 hoc
1194 705 1482 759 discedens
1535 706 1858 762 Alcibiades
1893 719 1919 758 5

106 780 412 854 ‘quoniam'
445 780 632 852 inquit
665 779 955 835 ‘victoriae
987 782 1205 852 patriae
1239 800 1536 855 repugnas,
1569 782 1709 837 illud
1744 803 1858 839 mo·

103 878 226 931 neo,
255 876 322 914 ne
351 859 511 913 iuxta
541 858 765 913 hostem
800 862 986 912 castra
1017 858 1225 913 habeas
1258 860 1510 914 nautica:
1547 860 1859 931 periculum

103 939 192 991 est
238 935 409 1006 enim,
455 953 526 990 ne
566 934 924 989 immodestia
973 936 1219 991 militum
1268 940 1586 991 vestrorum
1636 938 1856 993 occasio

103 1013 266 1068 detur
313 1011 604 1084 Lysandro
656 1013 833 1067 vestri
883 1014 1234 1084 opprimendi
1283 1014 1597 1069 exercitus'.
1678 1034 1858 1086 neque
1892 1028 1918 1069 6

21 1131 30 1139 .
101 1108 169 1145 ea
208 1108 297 1145 res
337 1089 500 1144 illum
540 1088 757 1144 fefellit.
836 1108 968 1144 nam
1010 1089 1320 1162 Lysander,
1361 1110 1488 1146 cum
1529 1111 1629 1163 per
1669 1111 1859 1164 specu-

102 1167 314 1222 latores
365 1167 733 1239 comperisset
781 1167 1014 1240 vulgum
1054 1167 1489 1223 Atheniensium
1543 1170 1600 1223 in
1649 1174 1859 1224 terram

101 1245 433 1317 praedatum
467 1245 646 1298 exisse
678 1262 958 1315 navesque
991 1263 1165 1315 paene
1207 1245 1399 1300 inanes
1438 1246 1681 1318 relictaS,
1722 1251 1860 1301 tem-

102 1340 209 1393 pus
258 1321 339 1376 rei
388 1321 661 1394 gerendae
709 1340 824 1375 non
877 1321 1093 1376 dimisit
1142 1341 1317 1393 eoque
1375 1323 1590 1394 impetu
1647 1324 1858 1378 bellum

103 1402 290 1454 totum
332 1398 554 1453 delevit.

256 1474 338 1530 At
368 1475 707 1547 Alcibiades,
740 1476 905 1530 victis
931 1474 1376 1532 Atheniensibus
1410 1496 1524 1532 non
1560 1479 1697 1532 satis
1735 1482 1861 1533 tuta
1893 1477 1926 1532 9

102 1553 296 1608 eadem
344 1553 469 1608 loca
517 1552 627 1607 sibi
677 1553 958 1607 arbitrans
970 1598 983 1624 ,
1035 1555 1261 1625 penitus
1311 1555 1370 1608 in
1419 1554 1750 1610 Thraeciam
1800 1575 1859 1610 se

103 1648 275 1702 supra
306 1629 709 1702 Propontidem
743 1630 974 1702 abdidit,
1017 1649 1247 1702 sperans
1281 1632 1362 1685 ibi
1395 1631 1664 1687 facillime
1700 1652 1859 1687 suam

0 1716 1 1774 ξ
102 1706 389 1763 fortunam
417 1707 596 1762 occuli
628 1726 810 1779 posse.
858 1707 1017 1762 falso.
1070 1727 1201 1762 nam
1227 1708 1520 1781 ThraeceS,
1553 1714 1857 1781 postquam
1891 1723 1918 1764 2

0 1826 1 1844 ,
103 1803 231 1839 eum
280 1804 406 1840 cum
455 1802 662 1858 magna
708 1785 945 1856 pecunia
993 1786 1211 1840 venisse
1255 1790 1573 1857 senserunt,
1626 1787 1856 1842 insidias

104 1860 357 1917 fecerunt
421 1881 594 1934 eaque
653 1864 807 1933 quae'
851 1866 1183 1934 apportarat
1236 1863 1616 1935 abstulerunt,
1671 1865 1857 1936 ipsum

105 1957 302 2010 capere
341 1958 456 1994 non
495 1943 818 2011 potuerunt.
879 1939 975 1993 ille
1012 1959 1240 1994 cernens
1274 1940 1493 1995 nullum
1527 1941 1714 1996 locum
1749 1942 1857 1996 sibi
1892 1956 1917 1996 3

104 2019 294 2071 tutum
340 2016 401 2071 in
450 2014 686 2072 Graecia
740 2020 973 2088 propter
1029 2018 1345 2088 potentiam
1393 2016 1857 2074 Lacedaemonio-

103 2111 230 2148 rum
263 2093 331 2148 ad
365 2092 792 2148 Pharnabazum
825 2095 882 2148 in
908 2093 1105 2148 Asiam
1140 2095 1391 2167 transiit,
1433 2114 1599 2167 quem
1634 2096 1857 2167 quidem

103 2170 242 2225 adeo
282 2189 384 2226 sua.
425 2171 574 2243 cepit
613 2171 990 2242 humanitate,
1030 2175 1094 2225 ut
1135 2191 1260 2227 eum
1301 2139 1465 2228 neino
1507 2173 1565 2227 in
1607 2173 1857 2227 amicitia

107 2248 472 2303 antecederet.
531 2266 772 2335 namque
815 2249 865 2303 ei
908 2246 1182 2319 Grynium
1224 2249 1466 2320 dederat,
1506 2251 1564 2304 in
1607 2249 1857 2336 Phlygia

108 2326 370 2397 castrum,
410 2344 478 2381 ex
519 2344 629 2397 quo
672 2326 1066 2397 quinquagena
1103 2327 1318 2381 talenta
1350 2327 1644 2399 vectigalis
1680 2328 1856 2398 eapie-

107 2398 221 2454 bat.
279 2419 391 2473 qua
420 2402 650 2458 fortuna
680 2402 1001 2458 Alcibiades
1042 2423 1155 2458 non
1190 2408 1310 2458 erat
1344 2407 1642 2459 contentus
1675 2423 1853 2475 neque
1888 2419 1916 2459 4

108 2475 361 2533 Athenas
415 2479 594 2535 victas
651 2478 1106 2536 Lacedaemoniis
1165 2482 1372 2535 servire
1434 2485 1658 2551 poterat
1717 2481 1852 2553 pati

108 2554 300 2625 itaque
349 2555 419 2611 ad
468 2557 712 2629 patriam
764 2557 1110 2612 liberandam
1161 2560 1310 2613 omni
1369 2557 1656 2612 ferebatur
1705 2559 1854 2631 cogi-

109 2630 341 2685 tatione.
418 2633 514 2687 sed
560 2634 790 2689 videbat
844 2634 901 2689 id
950 2636 1072 2690 sine
1122 2654 1251 2707 rege
1302 2634 1470 2689 Perse
1519 2653 1631 2690 non
1688 2654 1852 2707 posse
1888 2650 1913 2690 5

108 2707 245 2777 fieri,
285 2706 517 2780 ideoque
557 2728 684 2766 eum
717 2711 957 2767 amicum
992 2712 1099 2766 sibi
1135 2712 1396 2783 cupiebat
1421 2711 1649 2798 adiungi
1674 2731 1852 2784 neque

108 2751 406 2839 dubitabat
444 2783 607 2842 facile
647 2806 706 2843 se
755 2793 1208 2859 consecuturum,
1262 2789 1307 2842 si
1362 2789 1526 2844 modo
1568 2789 1686 2844 eius
1729 2808 1853 2844 con-

108 2861 370 2916 veniundi
394 2860 687 2918 habuisset
716 2870 1074 2936 potestatem.
1135 2885 1265 2920 nam
1292 2864 1500 2937 Cyrum
1534 2866 1768 2920 fratrem
1801 2866 1851 2919 ei

106 2937 318 2994 bellum
343 2938 486 2994 clam
512 2957 707 3010 parare
725 2940 1178 2998 Lacedaemoniis
1203 2943 1594 2997 adiuvantibus
1615 2944 1850 2997 sciebat:

106 3014 165 3070 id
197 3015 247 3071 si
280 3015 605 3089 aperuisset,
639 3034 900 3091 magnam
935 3039 992 3075 se
1026 3021 1299 3074 initurum
1333 3020 1576 3093 gratiam
1610 3020 1849 3072 videbat.
