<?xml version="1.0" encoding="UTF-8"?>
<!DOCTYPE html PUBLIC "-//W3C//DTD XHTML 1.0 Transitional//EN"
    "http://www.w3.org/TR/xhtml1/DTD/xhtml1-transitional.dtd">
<html xmlns="http://www.w3.org/1999/xhtml" xml:lang="en" lang="en">
 <head>
  <title>
</title>
<meta http-equiv="Content-Type" content="text/html;charset=utf-8" />
  <meta name='ocr-system' content='tesseract 3.04.00' />
  <meta name='ocr-capabilities' content='ocr_page ocr_carea ocr_par ocr_line ocrx_word'/>
</head>
<body>
  <div class='ocr_page' id='page_1' title='image "./vitaenep00nepouoft_0082.png"; bbox 0 0 2019 3310; ppageno 0'>
   <div class='ocr_carea' id='block_1_1' title="bbox 211 123 1372 180">
    <p class='ocr_par' dir='ltr' id='par_1_1' title="bbox 211 123 1372 180">
     <span class='ocr_line' id='line_1_1' title="bbox 211 123 1372 180; baseline 0.004 -13"><span class='ocrx_word' id='word_1_1' title='bbox 211 128 281 180; x_wconf 75' lang='lat'><strong>70</strong></span> <span class='ocrx_word' id='word_1_2' title='bbox 760 124 901 169; x_wconf 75' lang='lat' dir='ltr'><strong>xvii.</strong></span> <span class='ocrx_word' id='word_1_3' title='bbox 935 123 1280 170; x_wconf 68' lang='lat' dir='ltr'><strong>AGEsmAUS.</strong></span> <span class='ocrx_word' id='word_1_4' title='bbox 1330 131 1372 172; x_wconf 89' lang='lat'><strong>8.</strong></span> 
     </span>
    </p>
   </div>
   <div class='ocr_carea' id='block_1_2' title="bbox 146 247 1915 2344">
    <p class='ocr_par' dir='ltr' id='par_1_2' title="bbox 207 247 1911 394">
     <span class='ocr_line' id='line_1_2' title="bbox 207 247 1911 321; baseline 0 -18"><span class='ocrx_word' id='word_1_5' title='bbox 207 250 408 321; x_wconf 86' lang='lat' dir='ltr'><strong>ignoti,</strong></span> <span class='ocrx_word' id='word_1_6' title='bbox 463 248 659 301; x_wconf 84' lang='lat' dir='ltr'><strong>faciem</strong></span> <span class='ocrx_word' id='word_1_7' title='bbox 708 248 823 300; x_wconf 87' lang='lat' dir='ltr'><strong>eius</strong></span> <span class='ocrx_word' id='word_1_8' title='bbox 872 266 995 300; x_wconf 90' lang='lat' dir='ltr'><strong>cum</strong></span> <span class='ocrx_word' id='word_1_9' title='bbox 1048 247 1414 317; x_wconf 78' lang='lat' dir='ltr'><strong>intuerentur,</strong></span> <span class='ocrx_word' id='word_1_10' title='bbox 1462 250 1911 320; x_wconf 83' lang='lat' dir='ltr'><strong>contemnebant3</strong></span> 
     </span>
     <span class='ocr_line' id='line_1_3' title="bbox 209 322 1910 394; baseline 0.001 -17"><span class='ocrx_word' id='word_1_11' title='bbox 209 325 302 394; x_wconf 84' lang='lat' dir='ltr'><strong>qui</strong></span> <span class='ocrx_word' id='word_1_12' title='bbox 343 327 526 377; x_wconf 84' lang='lat' dir='ltr'><strong>autem</strong></span> <span class='ocrx_word' id='word_1_13' title='bbox 573 323 806 375; x_wconf 80' lang='lat' dir='ltr'><strong>virtutes</strong></span> <span class='ocrx_word' id='word_1_14' title='bbox 854 322 1164 391; x_wconf 81' lang='lat' dir='ltr'><strong>noverant,</strong></span> <span class='ocrx_word' id='word_1_15' title='bbox 1188 341 1299 376; x_wconf 91' lang='lat' dir='ltr'><strong>non</strong></span> <span class='ocrx_word' id='word_1_16' title='bbox 1344 326 1604 392; x_wconf 74' lang='lat' dir='ltr'><strong>poterant</strong></span> <span class='ocrx_word' id='word_1_17' title='bbox 1651 325 1910 378; x_wconf 82' lang='lat' dir='ltr'><strong>admirari</strong></span> 
     </span>
    </p>

    <p class='ocr_par' dir='ltr' id='par_1_3' title="bbox 149 397 1913 993">
     <span class='ocr_line' id='line_1_4' title="bbox 149 397 1911 470; baseline 0 -17"><span class='ocrx_word' id='word_1_18' title='bbox 149 414 175 454; x_wconf 87' lang='lat'><strong>2</strong></span> <span class='ocrx_word' id='word_1_19' title='bbox 210 400 360 452; x_wconf 82' lang='lat' dir='ltr'><strong>satis,</strong></span> <span class='ocrx_word' id='word_1_20' title='bbox 417 397 561 467; x_wconf 90' lang='lat' dir='ltr'><strong>quod</strong></span> <span class='ocrx_word' id='word_1_21' title='bbox 594 398 643 450; x_wconf 91' lang='lat' dir='ltr'><strong>ei</strong></span> <span class='ocrx_word' id='word_1_22' title='bbox 675 415 777 450; x_wconf 92' lang='lat' dir='ltr'><strong>usu</strong></span> <span class='ocrx_word' id='word_1_23' title='bbox 809 397 973 466; x_wconf 79' lang='lat' dir='ltr'><strong>venit,</strong></span> <span class='ocrx_word' id='word_1_24' title='bbox 1015 416 1138 450; x_wconf 89' lang='lat' dir='ltr'><strong>cum</strong></span> <span class='ocrx_word' id='word_1_25' title='bbox 1170 415 1438 450; x_wconf 89' lang='lat' dir='ltr'><strong>annorum</strong></span> <span class='ocrx_word' id='word_1_26' title='bbox 1471 399 1756 470; x_wconf 87' lang='lat' dir='ltr'><strong>octoginta</strong></span> <span class='ocrx_word' id='word_1_27' title='bbox 1788 400 1911 453; x_wconf 91' lang='lat' dir='ltr'><strong>sub·</strong></span> 
     </span>
     <span class='ocr_line' id='line_1_5' title="bbox 210 472 1911 542; baseline 0.001 -16"><span class='ocrx_word' id='word_1_28' title='bbox 210 475 347 526; x_wconf 88' lang='lat' dir='ltr'><strong>sidio</strong></span> <span class='ocrx_word' id='word_1_29' title='bbox 381 473 564 525; x_wconf 86' lang='lat' dir='ltr'><strong>Tacho</strong></span> <span class='ocrx_word' id='word_1_30' title='bbox 605 472 663 524; x_wconf 93' lang='lat' dir='ltr'><strong>in</strong></span> <span class='ocrx_word' id='word_1_31' title='bbox 694 473 1011 542; x_wconf 87' lang='lat' dir='ltr'><strong>Aegyptum</strong></span> <span class='ocrx_word' id='word_1_32' title='bbox 1050 473 1241 525; x_wconf 76' lang='lat' dir='ltr'><strong>missus</strong></span> <span class='ocrx_word' id='word_1_33' title='bbox 1273 476 1418 526; x_wconf 92' lang='lat' dir='ltr'><strong>esset</strong></span> <span class='ocrx_word' id='word_1_34' title='bbox 1451 476 1507 526; x_wconf 91' lang='lat' dir='ltr'><strong>et</strong></span> <span class='ocrx_word' id='word_1_35' title='bbox 1537 473 1596 526; x_wconf 93' lang='lat' dir='ltr'><strong>in</strong></span> <span class='ocrx_word' id='word_1_36' title='bbox 1628 478 1750 528; x_wconf 90' lang='lat' dir='ltr'><strong>acta</strong></span> <span class='ocrx_word' id='word_1_37' title='bbox 1786 493 1911 528; x_wconf 91' lang='lat' dir='ltr'><strong>cum</strong></span> 
     </span>
     <span class='ocr_line' id='line_1_6' title="bbox 209 547 1911 618; baseline 0.001 -17"><span class='ocrx_word' id='word_1_38' title='bbox 209 550 321 602; x_wconf 91' lang='lat' dir='ltr'><strong>suis</strong></span> <span class='ocrx_word' id='word_1_39' title='bbox 370 547 714 601; x_wconf 90' lang='lat' dir='ltr'><strong>accubuisset</strong></span> <span class='ocrx_word' id='word_1_40' title='bbox 763 547 878 600; x_wconf 89' lang='lat' dir='ltr'><strong>sine</strong></span> <span class='ocrx_word' id='word_1_41' title='bbox 924 547 1037 600; x_wconf 86' lang='lat' dir='ltr'><strong>ullo</strong></span> <span class='ocrx_word' id='word_1_42' title='bbox 1086 550 1234 600; x_wconf 92' lang='lat' dir='ltr'><strong>tecto</strong></span> <span class='ocrx_word' id='word_1_43' title='bbox 1288 551 1632 618; x_wconf 89' lang='lat' dir='ltr'><strong>stratumque</strong></span> <span class='ocrx_word' id='word_1_44' title='bbox 1681 549 1911 603; x_wconf 91' lang='lat' dir='ltr'><strong>haberet</strong></span> 
     </span>
     <span class='ocr_line' id='line_1_7' title="bbox 208 623 1910 693; baseline 0.001 -18"><span class='ocrx_word' id='word_1_45' title='bbox 208 624 341 691; x_wconf 88' lang='lat' dir='ltr'><strong>tale,</strong></span> <span class='ocrx_word' id='word_1_46' title='bbox 388 626 452 676; x_wconf 92' lang='lat' dir='ltr'><strong>ut</strong></span> <span class='ocrx_word' id='word_1_47' title='bbox 499 626 646 674; x_wconf 89' lang='lat' dir='ltr'><strong>terra</strong></span> <span class='ocrx_word' id='word_1_48' title='bbox 693 625 841 675; x_wconf 89' lang='lat' dir='ltr'><strong>tecta</strong></span> <span class='ocrx_word' id='word_1_49' title='bbox 889 625 1034 675; x_wconf 89' lang='lat' dir='ltr'><strong>esset</strong></span> <span class='ocrx_word' id='word_1_50' title='bbox 1083 623 1399 675; x_wconf 91' lang='lat' dir='ltr'><strong>stramentis</strong></span> <span class='ocrx_word' id='word_1_51' title='bbox 1439 642 1615 693; x_wconf 92' lang='lat' dir='ltr'><strong>neque</strong></span> <span class='ocrx_word' id='word_1_52' title='bbox 1654 624 1763 677; x_wconf 89' lang='lat' dir='ltr'><strong>huc</strong></span> <span class='ocrx_word' id='word_1_53' title='bbox 1802 642 1910 677; x_wconf 91' lang='lat' dir='ltr'><strong>am-</strong></span> 
     </span>
     <span class='ocr_line' id='line_1_8' title="bbox 206 697 1910 768; baseline 0.001 -18"><span class='ocrx_word' id='word_1_54' title='bbox 206 699 350 767; x_wconf 89' lang='lat' dir='ltr'><strong>plius</strong></span> <span class='ocrx_word' id='word_1_55' title='bbox 400 716 564 767; x_wconf 91' lang='lat' dir='ltr'><strong>quam</strong></span> <span class='ocrx_word' id='word_1_56' title='bbox 612 697 772 766; x_wconf 88' lang='lat' dir='ltr'><strong>pellis</strong></span> <span class='ocrx_word' id='word_1_57' title='bbox 822 700 967 750; x_wconf 88' lang='lat' dir='ltr'><strong>esset</strong></span> <span class='ocrx_word' id='word_1_58' title='bbox 1014 697 1236 766; x_wconf 82' lang='lat' dir='ltr'><strong>iniecta,</strong></span> <span class='ocrx_word' id='word_1_59' title='bbox 1286 698 1475 752; x_wconf 88' lang='lat' dir='ltr'><strong>eodem</strong></span> <span class='ocrx_word' id='word_1_60' title='bbox 1523 717 1631 768; x_wconf 89' lang='lat' dir='ltr'><strong>quo</strong></span> <span class='ocrx_word' id='word_1_61' title='bbox 1680 699 1910 752; x_wconf 83' lang='lat' dir='ltr'><strong>comites</strong></span> 
     </span>
     <span class='ocr_line' id='line_1_9' title="bbox 208 772 1913 843; baseline 0.001 -17"><span class='ocrx_word' id='word_1_62' title='bbox 208 791 395 826; x_wconf 90' lang='lat' dir='ltr'><strong>omnes</strong></span> <span class='ocrx_word' id='word_1_63' title='bbox 436 772 641 825; x_wconf 72' lang='lat' dir='ltr'><strong>vestitu</strong></span> <span class='ocrx_word' id='word_1_64' title='bbox 682 772 878 824; x_wconf 90' lang='lat' dir='ltr'><strong>humili</strong></span> <span class='ocrx_word' id='word_1_65' title='bbox 919 775 1082 841; x_wconf 85' lang='lat' dir='ltr'><strong>atque</strong></span> <span class='ocrx_word' id='word_1_66' title='bbox 1125 773 1390 843; x_wconf 85' lang='lat' dir='ltr'><strong>obsoletO,</strong></span> <span class='ocrx_word' id='word_1_67' title='bbox 1429 777 1492 826; x_wconf 94' lang='lat' dir='ltr'><strong>ut</strong></span> <span class='ocrx_word' id='word_1_68' title='bbox 1532 792 1721 827; x_wconf 91' lang='lat' dir='ltr'><strong>eorum</strong></span> <span class='ocrx_word' id='word_1_69' title='bbox 1759 792 1913 827; x_wconf 90' lang='lat' dir='ltr'><strong>orna·</strong></span> 
     </span>
     <span class='ocr_line' id='line_1_10' title="bbox 208 847 1912 919; baseline 0.001 -18"><span class='ocrx_word' id='word_1_70' title='bbox 208 852 297 902; x_wconf 89' lang='lat' dir='ltr'><strong>tus</strong></span> <span class='ocrx_word' id='word_1_71' title='bbox 337 866 448 901; x_wconf 93' lang='lat' dir='ltr'><strong>non</strong></span> <span class='ocrx_word' id='word_1_72' title='bbox 488 847 648 900; x_wconf 92' lang='lat' dir='ltr'><strong>modo</strong></span> <span class='ocrx_word' id='word_1_73' title='bbox 689 848 747 899; x_wconf 92' lang='lat' dir='ltr'><strong>in</strong></span> <span class='ocrx_word' id='word_1_74' title='bbox 780 848 856 899; x_wconf 92' lang='lat' dir='ltr'><strong>eis</strong></span> <span class='ocrx_word' id='word_1_75' title='bbox 898 864 1083 917; x_wconf 86' lang='lat' dir='ltr'><strong>regem</strong></span> <span class='ocrx_word' id='word_1_76' title='bbox 1114 848 1389 901; x_wconf 91' lang='lat' dir='ltr'><strong>neminem</strong></span> <span class='ocrx_word' id='word_1_77' title='bbox 1422 849 1777 919; x_wconf 81' lang='lat' dir='ltr'><strong>significaret,</strong></span> <span class='ocrx_word' id='word_1_78' title='bbox 1817 849 1912 902; x_wconf 93' lang='lat' dir='ltr'><strong>sed</strong></span> 
     </span>
     <span class='ocr_line' id='line_1_11' title="bbox 206 922 1911 993; baseline 0.001 -17"><span class='ocrx_word' id='word_1_79' title='bbox 206 923 457 976; x_wconf 90' lang='lat' dir='ltr'><strong>homines</strong></span> <span class='ocrx_word' id='word_1_80' title='bbox 498 939 600 976; x_wconf 79' lang='lat' dir='ltr'><strong>esse</strong></span> <span class='ocrx_word' id='word_1_81' title='bbox 638 940 747 974; x_wconf 92' lang='lat' dir='ltr'><strong>non</strong></span> <span class='ocrx_word' id='word_1_82' title='bbox 795 922 1146 974; x_wconf 89' lang='lat' dir='ltr'><strong>beatissimos</strong></span> <span class='ocrx_word' id='word_1_83' title='bbox 1201 923 1566 992; x_wconf 84' lang='lat' dir='ltr'><strong>suspicionem</strong></span> <span class='ocrx_word' id='word_1_84' title='bbox 1607 925 1911 993; x_wconf 89' lang='lat' dir='ltr'><strong>praeberet.</strong></span> 
     </span>
    </p>

    <p class='ocr_par' dir='ltr' id='par_1_4' title="bbox 148 996 1912 1218">
     <span class='ocr_line' id='line_1_12' title="bbox 148 996 1912 1069; baseline -0.001 -17"><span class='ocrx_word' id='word_1_85' title='bbox 148 1012 174 1052; x_wconf 88' lang='lat'><strong>3</strong></span> <span class='ocrx_word' id='word_1_86' title='bbox 207 999 368 1051; x_wconf 89' lang='lat' dir='ltr'><strong>huius</strong></span> <span class='ocrx_word' id='word_1_87' title='bbox 418 998 481 1050; x_wconf 91' lang='lat' dir='ltr'><strong>de</strong></span> <span class='ocrx_word' id='word_1_88' title='bbox 531 997 766 1049; x_wconf 86' lang='lat' dir='ltr'><strong>adventu</strong></span> <span class='ocrx_word' id='word_1_89' title='bbox 812 996 959 1049; x_wconf 86' lang='lat' dir='ltr'><strong>fama</strong></span> <span class='ocrx_word' id='word_1_90' title='bbox 1007 1015 1130 1049; x_wconf 90' lang='lat' dir='ltr'><strong>cum</strong></span> <span class='ocrx_word' id='word_1_91' title='bbox 1170 997 1238 1049; x_wconf 91' lang='lat' dir='ltr'><strong>ad</strong></span> <span class='ocrx_word' id='word_1_92' title='bbox 1278 998 1459 1068; x_wconf 86' lang='lat' dir='ltr'><strong>regios</strong></span> <span class='ocrx_word' id='word_1_93' title='bbox 1499 999 1912 1069; x_wconf 87' lang='lat' dir='ltr'><strong>essetperlata,</strong></span> 
     </span>
     <span class='ocr_line' id='line_1_13' title="bbox 209 1071 1911 1142; baseline -0.001 -15"><span class='ocrx_word' id='word_1_94' title='bbox 209 1073 458 1127; x_wconf 87' lang='lat' dir='ltr'><strong>celeriter</strong></span> <span class='ocrx_word' id='word_1_95' title='bbox 499 1090 723 1124; x_wconf 89' lang='lat' dir='ltr'><strong>munera</strong></span> <span class='ocrx_word' id='word_1_96' title='bbox 764 1090 826 1124; x_wconf 94' lang='lat' dir='ltr'><strong>eo</strong></span> <span class='ocrx_word' id='word_1_97' title='bbox 869 1071 1129 1140; x_wconf 90' lang='lat' dir='ltr'><strong>cuiusque</strong></span> <span class='ocrx_word' id='word_1_98' title='bbox 1171 1072 1386 1142; x_wconf 86' lang='lat' dir='ltr'><strong>generis</strong></span> <span class='ocrx_word' id='word_1_99' title='bbox 1421 1077 1549 1126; x_wconf 89' lang='lat' dir='ltr'><strong>sunt</strong></span> <span class='ocrx_word' id='word_1_100' title='bbox 1582 1074 1764 1127; x_wconf 90' lang='lat' dir='ltr'><strong>allata.</strong></span> <span class='ocrx_word' id='word_1_101' title='bbox 1824 1074 1911 1126; x_wconf 90' lang='lat' dir='ltr'><strong>his</strong></span> 
     </span>
     <span class='ocr_line' id='line_1_14' title="bbox 209 1146 1912 1232; baseline 0.001 -31"><span class='ocrx_word' id='word_1_102' title='bbox 209 1148 597 1232; x_wconf 79' lang='lat' dir='ltr'><strong>quaerentibus</strong></span> <span class='ocrx_word' id='word_1_103' title='bbox 624 1146 946 1217; x_wconf 86' lang='lat' dir='ltr'><strong>Agesilaum</strong></span> <span class='ocrx_word' id='word_1_104' title='bbox 979 1147 1069 1199; x_wconf 83' lang='lat' dir='ltr'><strong>vix</strong></span> <span class='ocrx_word' id='word_1_105' title='bbox 1100 1147 1233 1200; x_wconf 91' lang='lat' dir='ltr'><strong>fides</strong></span> <span class='ocrx_word' id='word_1_106' title='bbox 1274 1147 1419 1200; x_wconf 88' lang='lat' dir='ltr'><strong>facta</strong></span> <span class='ocrx_word' id='word_1_107' title='bbox 1454 1152 1553 1219; x_wconf 89' lang='lat' dir='ltr'><strong>est,</strong></span> <span class='ocrx_word' id='word_1_108' title='bbox 1592 1168 1763 1202; x_wconf 93' lang='lat' dir='ltr'><strong>unum</strong></span> <span class='ocrx_word' id='word_1_109' title='bbox 1794 1168 1912 1203; x_wconf 91' lang='lat' dir='ltr'><strong>esse</strong></span> 
     </span>
    </p>

    <p class='ocr_par' dir='ltr' id='par_1_5' title="bbox 146 1222 1914 1520">
     <span class='ocr_line' id='line_1_15' title="bbox 146 1222 1911 1294; baseline 0 -17"><span class='ocrx_word' id='word_1_110' title='bbox 146 1237 175 1276; x_wconf 77' lang='lat'>4</span> <span class='ocrx_word' id='word_1_111' title='bbox 208 1243 272 1277; x_wconf 85' lang='lat' dir='ltr'><strong>ex</strong></span> <span class='ocrx_word' id='word_1_112' title='bbox 326 1223 393 1275; x_wconf 89' lang='lat' dir='ltr'><strong>iis</strong></span> <span class='ocrx_word' id='word_1_113' title='bbox 459 1223 552 1292; x_wconf 91' lang='lat' dir='ltr'><strong>qui</strong></span> <span class='ocrx_word' id='word_1_114' title='bbox 604 1226 723 1275; x_wconf 90' lang='lat' dir='ltr'><strong>tum</strong></span> <span class='ocrx_word' id='word_1_115' title='bbox 772 1222 1126 1276; x_wconf 84' lang='lat' dir='ltr'><strong>accubabant.</strong></span> <span class='ocrx_word' id='word_1_116' title='bbox 1222 1223 1316 1291; x_wconf 91' lang='lat' dir='ltr'><strong>qui</strong></span> <span class='ocrx_word' id='word_1_117' title='bbox 1364 1241 1487 1276; x_wconf 94' lang='lat' dir='ltr'><strong>cum</strong></span> <span class='ocrx_word' id='word_1_118' title='bbox 1534 1224 1681 1294; x_wconf 87' lang='lat' dir='ltr'><strong>regis</strong></span> <span class='ocrx_word' id='word_1_119' title='bbox 1730 1225 1911 1278; x_wconf 86' lang='lat' dir='ltr'><strong>verbis</strong></span> 
     </span>
     <span class='ocr_line' id='line_1_16' title="bbox 209 1297 1914 1368; baseline 0.001 -17"><span class='ocrx_word' id='word_1_120' title='bbox 209 1317 345 1368; x_wconf 91' lang='lat' dir='ltr'><strong>quae</strong></span> <span class='ocrx_word' id='word_1_121' title='bbox 396 1299 698 1350; x_wconf 88' lang='lat' dir='ltr'><strong>attulerant</strong></span> <span class='ocrx_word' id='word_1_122' title='bbox 753 1297 1051 1366; x_wconf 82' lang='lat' dir='ltr'><strong>dedissent,</strong></span> <span class='ocrx_word' id='word_1_123' title='bbox 1106 1297 1198 1350; x_wconf 91' lang='lat' dir='ltr'><strong>ille</strong></span> <span class='ocrx_word' id='word_1_124' title='bbox 1254 1302 1473 1367; x_wconf 90' lang='lat' dir='ltr'><strong>praeter</strong></span> <span class='ocrx_word' id='word_1_125' title='bbox 1520 1299 1811 1352; x_wconf 82' lang='lat' dir='ltr'><strong>vitulinam</strong></span> <span class='ocrx_word' id='word_1_126' title='bbox 1858 1302 1914 1353; x_wconf 84' lang='lat' dir='ltr'><strong>et</strong></span> 
     </span>
     <span class='ocr_line' id='line_1_17' title="bbox 209 1373 1914 1444; baseline 0 -17"><span class='ocrx_word' id='word_1_127' title='bbox 209 1375 323 1427; x_wconf 90' lang='lat' dir='ltr'><strong>eius</strong></span> <span class='ocrx_word' id='word_1_128' title='bbox 365 1373 512 1426; x_wconf 92' lang='lat' dir='ltr'><strong>modi</strong></span> <span class='ocrx_word' id='word_1_129' title='bbox 553 1391 754 1443; x_wconf 87' lang='lat' dir='ltr'><strong>genera</strong></span> <span class='ocrx_word' id='word_1_130' title='bbox 795 1373 1025 1441; x_wconf 91' lang='lat' dir='ltr'><strong>obsonii,</strong></span> <span class='ocrx_word' id='word_1_131' title='bbox 1066 1391 1203 1442; x_wconf 91' lang='lat' dir='ltr'><strong>quae</strong></span> <span class='ocrx_word' id='word_1_132' title='bbox 1236 1391 1493 1442; x_wconf 88' lang='lat' dir='ltr'><strong>praesens</strong></span> <span class='ocrx_word' id='word_1_133' title='bbox 1527 1377 1744 1444; x_wconf 90' lang='lat' dir='ltr'><strong>tempus</strong></span> <span class='ocrx_word' id='word_1_134' title='bbox 1778 1374 1914 1428; x_wconf 89' lang='lat' dir='ltr'><strong>desi-</strong></span> 
     </span>
     <span class='ocr_line' id='line_1_18' title="bbox 209 1447 1914 1520; baseline 0.001 -19"><span class='ocrx_word' id='word_1_135' title='bbox 209 1449 453 1517; x_wconf 87' lang='lat' dir='ltr'><strong>derabat,·</strong></span> <span class='ocrx_word' id='word_1_136' title='bbox 483 1447 623 1500; x_wconf 89' lang='lat' dir='ltr'><strong>nihil</strong></span> <span class='ocrx_word' id='word_1_137' title='bbox 657 1448 889 1517; x_wconf 89' lang='lat' dir='ltr'><strong>accepit:</strong></span> <span class='ocrx_word' id='word_1_138' title='bbox 930 1451 1225 1518; x_wconf 84' lang='lat' dir='ltr'><strong>unguenta,</strong></span> <span class='ocrx_word' id='word_1_139' title='bbox 1259 1467 1487 1502; x_wconf 90' lang='lat' dir='ltr'><strong>coronas</strong></span> <span class='ocrx_word' id='word_1_140' title='bbox 1514 1450 1914 1520; x_wconf 87' lang='lat' dir='ltr'><strong>secundamque</strong></span> 
     </span>
    </p>

    <p class='ocr_par' dir='ltr' id='par_1_6' title="bbox 150 1523 1915 1801">
     <span class='ocr_line' id='line_1_19' title="bbox 150 1523 1914 1594; baseline 0.001 -18"><span class='ocrx_word' id='word_1_141' title='bbox 150 1537 176 1576; x_wconf 85' lang='grc'>5</span> <span class='ocrx_word' id='word_1_142' title='bbox 211 1541 455 1577; x_wconf 90' lang='lat' dir='ltr'><strong>mensam</strong></span> <span class='ocrx_word' id='word_1_143' title='bbox 505 1523 674 1576; x_wconf 89' lang='lat' dir='ltr'><strong>servis</strong></span> <span class='ocrx_word' id='word_1_144' title='bbox 724 1523 1022 1593; x_wconf 80' lang='lat' dir='ltr'><strong>dispertiit,</strong></span> <span class='ocrx_word' id='word_1_145' title='bbox 1079 1526 1259 1575; x_wconf 88' lang='lat' dir='ltr'><strong>cetera</strong></span> <span class='ocrx_word' id='word_1_146' title='bbox 1306 1523 1497 1576; x_wconf 90' lang='lat' dir='ltr'><strong>referri</strong></span> <span class='ocrx_word' id='word_1_147' title='bbox 1551 1524 1728 1578; x_wconf 88' lang='lat' dir='ltr'><strong>iussit.</strong></span> <span class='ocrx_word' id='word_1_148' title='bbox 1806 1543 1914 1594; x_wconf 92' lang='lat' dir='ltr'><strong>quo</strong></span> 
     </span>
     <span class='ocr_line' id='line_1_20' title="bbox 210 1598 1913 1669; baseline 0.002 -19"><span class='ocrx_word' id='word_1_149' title='bbox 210 1598 355 1652; x_wconf 76' lang='lat' dir='ltr'><strong>iacto</strong></span> <span class='ocrx_word' id='word_1_150' title='bbox 397 1617 521 1651; x_wconf 91' lang='lat' dir='ltr'><strong>eum</strong></span> <span class='ocrx_word' id='word_1_151' title='bbox 561 1599 781 1650; x_wconf 87' lang='lat' dir='ltr'><strong>barbari</strong></span> <span class='ocrx_word' id='word_1_152' title='bbox 822 1598 999 1668; x_wconf 83' lang='lat' dir='ltr'><strong>magis</strong></span> <span class='ocrx_word' id='word_1_153' title='bbox 1041 1599 1209 1650; x_wconf 90' lang='lat' dir='ltr'><strong>etiam</strong></span> <span class='ocrx_word' id='word_1_154' title='bbox 1249 1602 1720 1669; x_wconf 89' lang='lat' dir='ltr'><strong>contempserunt,</strong></span> <span class='ocrx_word' id='word_1_155' title='bbox 1769 1600 1913 1669; x_wconf 90' lang='lat' dir='ltr'><strong>quod</strong></span> 
     </span>
     <span class='ocr_line' id='line_1_21' title="bbox 211 1673 1915 1744; baseline 0.001 -18"><span class='ocrx_word' id='word_1_156' title='bbox 211 1692 333 1727; x_wconf 90' lang='lat' dir='ltr'><strong>eum</strong></span> <span class='ocrx_word' id='word_1_157' title='bbox 358 1674 675 1744; x_wconf 83' lang='lat' dir='ltr'><strong>ignorantia</strong></span> <span class='ocrx_word' id='word_1_158' title='bbox 700 1674 969 1725; x_wconf 88' lang='lat' dir='ltr'><strong>bonarum</strong></span> <span class='ocrx_word' id='word_1_159' title='bbox 994 1691 1176 1726; x_wconf 91' lang='lat' dir='ltr'><strong>rerum</strong></span> <span class='ocrx_word' id='word_1_160' title='bbox 1202 1673 1334 1726; x_wconf 86' lang='lat' dir='ltr'><strong>vilia</strong></span> <span class='ocrx_word' id='word_1_161' title='bbox 1358 1674 1710 1743; x_wconf 85' lang='lat' dir='ltr'><strong>potissimum</strong></span> <span class='ocrx_word' id='word_1_162' title='bbox 1736 1693 1915 1744; x_wconf 88' lang='lat' dir='ltr'><strong>sump-</strong></span> 
     </span>
     <span class='ocr_line' id='line_1_22' title="bbox 212 1749 815 1801; baseline -0.002 0"><span class='ocrx_word' id='word_1_163' title='bbox 212 1750 345 1801; x_wconf 88' lang='lat' dir='ltr'><strong>sisse</strong></span> <span class='ocrx_word' id='word_1_164' title='bbox 388 1749 815 1801; x_wconf 86' lang='lat' dir='ltr'><strong>arbitrabantur.</strong></span> 
     </span>
    </p>

    <p class='ocr_par' dir='ltr' id='par_1_7' title="bbox 151 1823 1915 2121">
     <span class='ocr_line' id='line_1_23' title="bbox 151 1823 1914 1897; baseline 0.001 -21"><span class='ocrx_word' id='word_1_165' title='bbox 151 1837 176 1876; x_wconf 84' lang='lat'>6</span> <span class='ocrx_word' id='word_1_166' title='bbox 360 1823 464 1876; x_wconf 91' lang='lat' dir='ltr'><strong>Hic</strong></span> <span class='ocrx_word' id='word_1_167' title='bbox 500 1843 622 1876; x_wconf 92' lang='lat' dir='ltr'><strong>cum</strong></span> <span class='ocrx_word' id='word_1_168' title='bbox 655 1843 719 1877; x_wconf 85' lang='lat' dir='ltr'><strong>ex</strong></span> <span class='ocrx_word' id='word_1_169' title='bbox 745 1824 1001 1894; x_wconf 87' lang='lat' dir='ltr'><strong>Aegypto</strong></span> <span class='ocrx_word' id='word_1_170' title='bbox 1036 1827 1414 1894; x_wconf 84' lang='lat' dir='ltr'><strong>reverteretur,</strong></span> <span class='ocrx_word' id='word_1_171' title='bbox 1455 1824 1687 1878; x_wconf 88' lang='lat' dir='ltr'><strong>donatus</strong></span> <span class='ocrx_word' id='word_1_172' title='bbox 1721 1843 1753 1877; x_wconf 92' lang='lat' dir='ltr'><strong>a</strong></span> <span class='ocrx_word' id='word_1_173' title='bbox 1786 1843 1914 1897; x_wconf 87' lang='lat' dir='ltr'><strong>rege</strong></span> 
     </span>
     <span class='ocr_line' id='line_1_24' title="bbox 211 1897 1915 1970; baseline 0.001 -18"><span class='ocrx_word' id='word_1_174' title='bbox 211 1897 586 1952; x_wconf 88' lang='lat' dir='ltr'><strong>Nectanabide</strong></span> <span class='ocrx_word' id='word_1_175' title='bbox 620 1898 867 1952; x_wconf 89' lang='lat' dir='ltr'><strong>ducentis</strong></span> <span class='ocrx_word' id='word_1_176' title='bbox 901 1899 1099 1970; x_wconf 85' lang='lat' dir='ltr'><strong>viginti</strong></span> <span class='ocrx_word' id='word_1_177' title='bbox 1131 1900 1373 1969; x_wconf 81' lang='lat' dir='ltr'><strong>talentiS,</strong></span> <span class='ocrx_word' id='word_1_178' title='bbox 1415 1917 1551 1968; x_wconf 89' lang='lat' dir='ltr'><strong>quae</strong></span> <span class='ocrx_word' id='word_1_179' title='bbox 1584 1899 1676 1953; x_wconf 92' lang='lat' dir='ltr'><strong>ille</strong></span> <span class='ocrx_word' id='word_1_180' title='bbox 1704 1901 1915 1954; x_wconf 89' lang='lat' dir='ltr'><strong>muneri</strong></span> 
     </span>
     <span class='ocr_line' id='line_1_25' title="bbox 211 1973 1914 2045; baseline 0.001 -18"><span class='ocrx_word' id='word_1_181' title='bbox 211 1974 412 2043; x_wconf 86' lang='lat' dir='ltr'><strong>populo</strong></span> <span class='ocrx_word' id='word_1_182' title='bbox 456 1993 552 2026; x_wconf 92' lang='lat' dir='ltr'><strong>suo</strong></span> <span class='ocrx_word' id='word_1_183' title='bbox 594 1973 762 2043; x_wconf 84' lang='lat' dir='ltr'><strong>daret,</strong></span> <span class='ocrx_word' id='word_1_184' title='bbox 802 1974 1148 2044; x_wconf 83' lang='lat' dir='ltr'><strong>venissetque</strong></span> <span class='ocrx_word' id='word_1_185' title='bbox 1187 1975 1245 2028; x_wconf 94' lang='lat' dir='ltr'><strong>in</strong></span> <span class='ocrx_word' id='word_1_186' title='bbox 1274 1978 1513 2045; x_wconf 88' lang='lat' dir='ltr'><strong>portum,</strong></span> <span class='ocrx_word' id='word_1_187' title='bbox 1554 1975 1647 2044; x_wconf 91' lang='lat' dir='ltr'><strong>qui</strong></span> <span class='ocrx_word' id='word_1_188' title='bbox 1681 1974 1914 2030; x_wconf 91' lang='lat' dir='ltr'><strong>Menelai</strong></span> 
     </span>
     <span class='ocr_line' id='line_1_26' title="bbox 213 2048 1915 2121; baseline 0.001 -20"><span class='ocrx_word' id='word_1_189' title='bbox 213 2053 460 2118; x_wconf 87' lang='lat' dir='ltr'><strong>vocatur,</strong></span> <span class='ocrx_word' id='word_1_190' title='bbox 501 2049 682 2102; x_wconf 92' lang='lat' dir='ltr'><strong>iacens</strong></span> <span class='ocrx_word' id='word_1_191' title='bbox 724 2050 868 2102; x_wconf 89' lang='lat' dir='ltr'><strong>inter</strong></span> <span class='ocrx_word' id='word_1_192' title='bbox 909 2048 1150 2119; x_wconf 85' lang='lat' dir='ltr'><strong>Cyrenas</strong></span> <span class='ocrx_word' id='word_1_193' title='bbox 1192 2054 1247 2104; x_wconf 94' lang='lat' dir='ltr'><strong>et</strong></span> <span class='ocrx_word' id='word_1_194' title='bbox 1286 2050 1628 2121; x_wconf 85' lang='lat' dir='ltr'><strong>Aegyptum,</strong></span> <span class='ocrx_word' id='word_1_195' title='bbox 1678 2050 1736 2103; x_wconf 93' lang='lat' dir='ltr'><strong>in</strong></span> <span class='ocrx_word' id='word_1_196' title='bbox 1776 2069 1915 2104; x_wconf 91' lang='lat' dir='ltr'><strong>mor-</strong></span> 
     </span>
    </p>

    <p class='ocr_par' dir='ltr' id='par_1_8' title="bbox 152 2123 1915 2344">
     <span class='ocr_line' id='line_1_27' title="bbox 152 2123 1915 2196; baseline 0 -18"><span class='ocrx_word' id='word_1_197' title='bbox 152 2138 177 2178; x_wconf 79' lang='lat'>7</span> <span class='ocrx_word' id='word_1_198' title='bbox 213 2125 343 2176; x_wconf 92' lang='lat' dir='ltr'><strong>bum</strong></span> <span class='ocrx_word' id='word_1_199' title='bbox 384 2124 683 2193; x_wconf 85' lang='lat' dir='ltr'><strong>implicitus</strong></span> <span class='ocrx_word' id='word_1_200' title='bbox 725 2125 971 2178; x_wconf 89' lang='lat' dir='ltr'><strong>decessit.</strong></span> <span class='ocrx_word' id='word_1_201' title='bbox 1031 2126 1109 2178; x_wconf 88' lang='lat' dir='ltr'><strong>ibi</strong></span> <span class='ocrx_word' id='word_1_202' title='bbox 1143 2144 1266 2179; x_wconf 92' lang='lat' dir='ltr'><strong>eum</strong></span> <span class='ocrx_word' id='word_1_203' title='bbox 1308 2126 1484 2195; x_wconf 88' lang='lat' dir='ltr'><strong>amici,</strong></span> <span class='ocrx_word' id='word_1_204' title='bbox 1525 2143 1631 2196; x_wconf 92' lang='lat' dir='ltr'><strong>quo</strong></span> <span class='ocrx_word' id='word_1_205' title='bbox 1659 2123 1915 2195; x_wconf 87' lang='lat' dir='ltr'><strong>Spartam</strong></span> 
     </span>
     <span class='ocr_line' id='line_1_28' title="bbox 211 2198 1915 2271; baseline 0.001 -20"><span class='ocrx_word' id='word_1_206' title='bbox 211 2198 425 2252; x_wconf 87' lang='lat' dir='ltr'><strong>facilius</strong></span> <span class='ocrx_word' id='word_1_207' title='bbox 467 2198 705 2269; x_wconf 88' lang='lat' dir='ltr'><strong>perferre</strong></span> <span class='ocrx_word' id='word_1_208' title='bbox 738 2204 977 2269; x_wconf 84' lang='lat' dir='ltr'><strong>possent,</strong></span> <span class='ocrx_word' id='word_1_209' title='bbox 1019 2201 1163 2269; x_wconf 92' lang='lat' dir='ltr'><strong>quod</strong></span> <span class='ocrx_word' id='word_1_210' title='bbox 1189 2201 1295 2254; x_wconf 92' lang='lat' dir='ltr'><strong>mel</strong></span> <span class='ocrx_word' id='word_1_211' title='bbox 1319 2219 1430 2254; x_wconf 94' lang='lat' dir='ltr'><strong>non</strong></span> <span class='ocrx_word' id='word_1_212' title='bbox 1460 2201 1752 2271; x_wconf 87' lang='lat' dir='ltr'><strong>habebant,</strong></span> <span class='ocrx_word' id='word_1_213' title='bbox 1793 2219 1915 2255; x_wconf 81' lang='lat' dir='ltr'><strong>cera</strong></span> 
     </span>
     <span class='ocr_line' id='line_1_29' title="bbox 214 2273 1644 2344; baseline 0.001 -17"><span class='ocrx_word' id='word_1_214' title='bbox 214 2273 676 2328; x_wconf 90' lang='lat' dir='ltr'><strong>circumfuderunt</strong></span> <span class='ocrx_word' id='word_1_215' title='bbox 718 2279 880 2344; x_wconf 88' lang='lat' dir='ltr'><strong>atque</strong></span> <span class='ocrx_word' id='word_1_216' title='bbox 921 2276 999 2327; x_wconf 88' lang='lat' dir='ltr'><strong>ita</strong></span> <span class='ocrx_word' id='word_1_217' title='bbox 1041 2276 1264 2328; x_wconf 90' lang='lat' dir='ltr'><strong>domum</strong></span> <span class='ocrx_word' id='word_1_218' title='bbox 1297 2277 1644 2330; x_wconf 87' lang='lat' dir='ltr'><strong>rettulerunt.</strong></span> 
     </span>
    </p>
   </div>
   <div class='ocr_carea' id='block_1_3' title="bbox 737 2531 1408 2594">
    <p class='ocr_par' dir='ltr' id='par_1_9' title="bbox 737 2531 1408 2594">
     <span class='ocr_line' id='line_1_30' title="bbox 737 2531 1408 2594; baseline 0.003 -3"><span class='ocrx_word' id='word_1_219' title='bbox 737 2531 955 2594; x_wconf 90' lang='lat' dir='ltr'><strong>XVIII.</strong></span> <span class='ocrx_word' id='word_1_220' title='bbox 1004 2533 1408 2593; x_wconf 82' lang='lat' dir='ltr'><strong>EUMENES.</strong></span> 
     </span>
    </p>
   </div>
   <div class='ocr_carea' id='block_1_4' title="bbox 155 2647 1919 3022">
    <p class='ocr_par' dir='ltr' id='par_1_10' title="bbox 158 2647 1918 2871">
     <span class='ocr_line' id='line_1_31' title="bbox 158 2647 1917 2722; baseline 0.001 -20"><span class='ocrx_word' id='word_1_221' title='bbox 158 2650 186 2702; x_wconf 74' lang='grc'>1</span> <span class='ocrx_word' id='word_1_222' title='bbox 363 2647 636 2701; x_wconf 89' lang='lat' dir='ltr'><strong>Eumenes</strong></span> <span class='ocrx_word' id='word_1_223' title='bbox 686 2647 1001 2703; x_wconf 89' lang='lat' dir='ltr'><strong>Cardianus.</strong></span> <span class='ocrx_word' id='word_1_224' title='bbox 1079 2650 1240 2703; x_wconf 89' lang='lat' dir='ltr'><strong>huius</strong></span> <span class='ocrx_word' id='word_1_225' title='bbox 1292 2651 1337 2703; x_wconf 87' lang='lat' dir='ltr'><strong>si</strong></span> <span class='ocrx_word' id='word_1_226' title='bbox 1387 2651 1580 2704; x_wconf 84' lang='lat' dir='ltr'><strong>virtuti</strong></span> <span class='ocrx_word' id='word_1_227' title='bbox 1635 2669 1735 2722; x_wconf 85' lang='lat' dir='ltr'><strong>par</strong></span> <span class='ocrx_word' id='word_1_228' title='bbox 1788 2651 1917 2704; x_wconf 85' lang='lat' dir='ltr'><strong>data</strong></span> 
     </span>
     <span class='ocr_line' id='line_1_32' title="bbox 217 2722 1916 2796; baseline 0.002 -21"><span class='ocrx_word' id='word_1_229' title='bbox 217 2725 361 2775; x_wconf 82' lang='lat' dir='ltr'><strong>esset</strong></span> <span class='ocrx_word' id='word_1_230' title='bbox 401 2722 644 2792; x_wconf 87' lang='lat' dir='ltr'><strong>fortuna,</strong></span> <span class='ocrx_word' id='word_1_231' title='bbox 676 2743 793 2788; x_wconf 60' lang='lat' dir='ltr'><strong>‚non</strong></span> <span class='ocrx_word' id='word_1_232' title='bbox 834 2725 926 2778; x_wconf 90' lang='lat' dir='ltr'><strong>ille</strong></span> <span class='ocrx_word' id='word_1_233' title='bbox 969 2725 1186 2794; x_wconf 89' lang='lat' dir='ltr'><strong>quidem</strong></span> <span class='ocrx_word' id='word_1_234' title='bbox 1229 2726 1402 2779; x_wconf 86' lang='lat' dir='ltr'><strong>maior</strong></span> <span class='ocrx_word' id='word_1_235' title='bbox 1442 2728 1733 2796; x_wconf 78' lang='lat' dir='ltr'><strong>exstitisset,</strong></span> <span class='ocrx_word' id='word_1_236' title='bbox 1773 2725 1916 2796; x_wconf 91' lang='lat' dir='ltr'><strong>quod</strong></span> 
     </span>
     <span class='ocr_line' id='line_1_33' title="bbox 219 2798 1918 2871; baseline 0.003 -22"><span class='ocrx_word' id='word_1_237' title='bbox 219 2815 444 2868; x_wconf 83' lang='lat' dir='ltr'><strong>magnos</strong></span> <span class='ocrx_word' id='word_1_238' title='bbox 493 2798 742 2853; x_wconf 89' lang='lat' dir='ltr'><strong>homines</strong></span> <span class='ocrx_word' id='word_1_239' title='bbox 795 2800 998 2854; x_wconf 81' lang='lat' dir='ltr'><strong>virtute</strong></span> <span class='ocrx_word' id='word_1_240' title='bbox 1048 2801 1327 2870; x_wconf 82' lang='lat' dir='ltr'><strong>metimur,</strong></span> <span class='ocrx_word' id='word_1_241' title='bbox 1374 2820 1484 2855; x_wconf 90' lang='lat' dir='ltr'><strong>non</strong></span> <span class='ocrx_word' id='word_1_242' title='bbox 1530 2801 1773 2871; x_wconf 86' lang='lat' dir='ltr'><strong>fortuna,</strong></span> <span class='ocrx_word' id='word_1_243' title='bbox 1825 2800 1918 2854; x_wconf 87' lang='lat' dir='ltr'><strong>sed</strong></span> 
     </span>
    </p>

    <p class='ocr_par' dir='ltr' id='par_1_11' title="bbox 155 2872 1919 3022">
     <span class='ocr_line' id='line_1_34' title="bbox 155 2872 1918 2944; baseline 0.002 -18"><span class='ocrx_word' id='word_1_244' title='bbox 155 2886 182 2926; x_wconf 82' lang='lat'>2</span> <span class='ocrx_word' id='word_1_245' title='bbox 219 2873 391 2925; x_wconf 88' lang='lat' dir='ltr'><strong>multo</strong></span> <span class='ocrx_word' id='word_1_246' title='bbox 448 2872 716 2925; x_wconf 85' lang='lat' dir='ltr'><strong>illustrior</strong></span> <span class='ocrx_word' id='word_1_247' title='bbox 765 2878 929 2944; x_wconf 82' lang='lat' dir='ltr'><strong>atque</strong></span> <span class='ocrx_word' id='word_1_248' title='bbox 978 2876 1144 2929; x_wconf 86' lang='lat' dir='ltr'><strong>etiam</strong></span> <span class='ocrx_word' id='word_1_249' title='bbox 1200 2876 1537 2930; x_wconf 86' lang='lat' dir='ltr'><strong>honoratior.</strong></span> <span class='ocrx_word' id='word_1_250' title='bbox 1621 2894 1748 2930; x_wconf 88' lang='lat' dir='ltr'><strong>nam</strong></span> <span class='ocrx_word' id='word_1_251' title='bbox 1795 2893 1918 2929; x_wconf 91' lang='lat' dir='ltr'><strong>cum</strong></span> 
     </span>
     <span class='ocr_line' id='line_1_35' title="bbox 218 2947 1919 3022; baseline 0.003 -22"><span class='ocrx_word' id='word_1_252' title='bbox 218 2951 367 3001; x_wconf 84' lang='lat' dir='ltr'><strong>aetas</strong></span> <span class='ocrx_word' id='word_1_253' title='bbox 410 2947 524 3000; x_wconf 90' lang='lat' dir='ltr'><strong>eius</strong></span> <span class='ocrx_word' id='word_1_254' title='bbox 566 2948 849 3003; x_wconf 83' lang='lat' dir='ltr'><strong>incidisset</strong></span> <span class='ocrx_word' id='word_1_255' title='bbox 881 2951 937 3004; x_wconf 92' lang='lat' dir='ltr'><strong>in</strong></span> <span class='ocrx_word' id='word_1_256' title='bbox 971 2969 1034 3004; x_wconf 88' lang='lat' dir='ltr'><strong>ea</strong></span> <span class='ocrx_word' id='word_1_257' title='bbox 1066 2955 1332 3022; x_wconf 86' lang='lat' dir='ltr'><strong>tempora,</strong></span> <span class='ocrx_word' id='word_1_258' title='bbox 1373 2952 1571 3022; x_wconf 85' lang='lat' dir='ltr'><strong>quibus</strong></span> <span class='ocrx_word' id='word_1_259' title='bbox 1595 2950 1919 3005; x_wconf 87' lang='lat' dir='ltr'><strong>Macedones</strong></span> 
     </span>
    </p>
   </div>
  </div>
 </body>
</html>
