2019 3310
197 106 269 156 {54
709 100 829 146 XVI.
863 98 1216 145 PELOPIDAS.
1235 113 1240 119 ·
1267 103 1399 143 3--5.

198 246 301 297 que
328 227 498 280 dediti
527 243 695 295 usque
723 243 784 277 eo
812 224 1195 293 despexerunt,
1227 226 1292 275 ut
1315 240 1383 275 ne
1411 241 1672 292 quaerere
1699 222 1920 293 quidem

137 317 162 355 ‘2
198 304 262 356 (16
319 306 477 356 tanta
529 320 586 353 re
643 299 966 352 laborarint.
1046 298 1280 352 accessit
1328 297 1474 367 quod
1522 300 1693 353 etiam
1741 299 1919 370 magis

198 379 437 448 aperiret
479 395 669 430 eorum
718 375 1070 428 dementiam.
1151 373 1324 427 allata
1365 377 1451 426 est
1492 374 1639 428 enim
1679 374 1921 444 epistula

197 454 434 507 Athenis
483 453 551 505 ab
600 450 839 520 Archia,
896 468 1003 503 uno
1054 468 1120 503 ex
1170 449 1240 502 iis
1287 450 1379 517 qui
1423 450 1591 504 saeris
1633 453 1923 518 praeerant

196 529 514 596 Eleusiniis,
555 526 817 594 Archiae,
871 525 965 596 qui
1014 529 1134 579 tum
1183 524 1486 578 maximum
1527 525 1921 597 magistratum

197 604 401 657 Thebis
437 602 740 672 obtinebat,
780 602 839 654 in
880 619 987 670 qua
1029 601 1213 654 omnia
1254 600 1318 654 de
1350 599 1695 670 profectione
1729 619 1920 654 eorum

196 679 506 750 perscripta
554 681 725 731 erant.
805 695 944 746 quae
994 695 1119 730 cum
1174 677 1286 729 iam
1343 676 1636 730 accubanti
1691 676 1750 729 in
1798 695 1922 729 con-

197 755 342 808 vivio
377 758 523 807 esset
554 754 698 823 data,
733 753 876 806 sicut
909 756 1029 805 erat
1063 753 1297 823 signata,
1331 753 1432 805 sub
1458 752 1750 821 pulvinum
1775 751 1922 805 subi-

137 845 163 885 3
200 830 346 884 ciens
388 829 465 883 ein
505 828 827 883 crastinum’
869 827 1052 897 inquit
1092 826 1304 881 ‘differo
1345 845 1432 881 res
1475 827 1680 881 serias?
1746 831 1805 880 at
1837 826 1922 879 illi

200 925 412 975 omneS,
461 924 585 959 cum
634 905 746 957 iam
785 922 894 957 nox
941 903 1327 973 processisset,
1376 903 1645 956 vinolenti
1685 904 1754 956 ab
1797 921 1921 956 exu-

197 982 343 1035 libus
385 981 519 1034 duce
544 979 809 1049 Pelopida
850 982 980 1032 sunt
1011 977 1306 1032 interfecti.
1371 979 1571 1048 quibus
1606 979 1770 1032 rebus
1797 997 1921 1032 con-

198 1058 375 1126 fectiS,
418 1057 582 1127 vulgo
610 1055 678 1108 ad
715 1073 869 1108 arma
901 1055 1329 1122 libertatemque
1357 1058 1570 1123 vocato,
1604 1073 1714 1108 non
1740 1054 1922 1108 solum

201 1133 294 1202 qui
346 1133 404 1185 in
450 1132 586 1185 urbe
635 1134 817 1200 erant,
865 1130 960 1183 sed
1008 1129 1179 1182 etiam
1219 1128 1459 1199 undique
1501 1147 1567 1182 ex
1607 1130 1756 1200 agris
1798 1148 1921 1183 con-

199 1212 504 1278 currerunt,
554 1206 892 1276 praesidium
933 1204 1498 1258 Lacedaemoniorum
1545 1223 1612 1258 ex
1660 1223 1783 1258 arce
1832 1224 1921 1274 pe-

197 1285 472 1354 pulerunt,
516 1283 756 1353 patriam
799 1281 1084 1335 obsidione
1125 1281 1449 1351 liberarunt,
1490 1283 1744 1334 auctores
1786 1278 1922 1334 Cad-

198 1379 351 1413 meae
387 1359 731 1429 occupandae
765 1357 971 1427 partim
1006 1356 1340 1427 occiderunt,
1372 1356 1581 1426 partim
1613 1355 1672 1410 in
1696 1355 1923 1409 exilium

201 1436 491 1489 eiecerunt.

137 1511 174 1565 4
350 1510 471 1564 Hoc
512 1514 629 1563 tam
670 1509 892 1562 turbido
934 1512 1200 1578 tempore,
1242 1508 1386 1561 sicut
1419 1526 1587 1577 supra
1618 1507 1923 1575 docuimUS,

199 1586 628 1657 EpaminondaS,
670 1585 848 1654 quoad
882 1603 1005 1637 cum
1039 1584 1249 1637 civibus
1284 1583 1606 1637 dimicatum
1639 1586 1740 1652 est,
1773 1582 1923 1635 domi

201 1663 419 1733 quietus
461 1661 581 1715 fuit.
649 1660 836 1730 itaque
877 1661 1012 1713 11666
1052 1659 1414 1712 liberatarum
1445 1658 1762 1711 Thebarum
1801 1676 1923 1727 pro-

200 1739 321 1808 pria
360 1739 481 1791 laus
524 1740 610 1790 est
649 1735 969 1806 Pelopidae,
1022 1739 1234 1789 ceterae
1284 1733 1397 1788 fere
1439 1752 1755 1788 communes
1798 1751 1923 1786 cum

141 1828 167 1866 2
201 1813 599 1884 Epaminonda.
662 1830 898 1882 namque
937 1812 998 1864 in
1036 1809 1327 1864 Leuctrica
1365 1828 1551 1882 pugna
1591 1810 1922 1879 imperatore

201 1889 586 1959 Epaminonda
625 1888 715 1941 hic
756 1887 864 1940 fuit
905 1887 1013 1940 dux
1046 1887 1288 1940 delectae
1322 1904 1532 1955 manuS,
1574 1903 1711 1955 quae
1744 1884 1924 1954 prima

142 1980 168 2020 3
201 1965 533 2036 phalangem
587 1963 893 2033 prostravit
943 1962 1238 2016 Laconum.
1327 1961 1581 2015 omnibus
1638 1964 1925 2031 praeterea

202 2041 462 2111 periculis
504 2041 612 2093 eius
653 2039 810 2091 affuit
851 2036 1040 2110 (sicut,
1094 2036 1354 2109 Spartam
1395 2055 1518 2090 cum
1568 2036 1924 2108 oppugnavit,

205 2117 442 2170 alterum
484 2115 663 2168 tenuit
704 2113 912 2199 cornu),
954 2133 1169 2184 quoque
1203 2112 1456 2166 Messena
1498 2112 1727 2166 celerius
1769 2111 1926 2164 resti-

205 2198 468 2261 tueretur,
500 2191 757 2263 legatus
744 2209 800 2242 1n
826 2190 1023 2243 Persas
1050 2194 1136 2242 est
1168 2188 1464 2260 profectus.
1534 2187 1765 2256 denique
1790 2186 1924 2240 haec

204 2268 312 2321 fuit
353 2269 528 2320 altera
567 2284 802 2336 persona
827 2265 1047 2335 Thebis,
1089 2265 1183 2318 sed
1223 2269 1410 2318 tamen
1451 2262 1688 2317 secunda
1727 2262 1821 2331 ita,
1863 2266 1926 2316 ut

205 2344 457 2413 proxima
498 2346 645 2396 esset
683 2341 1112 2410 Epaminondae.

146 2420 181 2473 5
360 2418 722 2472 Conflictatus
750 2422 934 2469 autem
959 2420 1043 2469 est
1068 2417 1238 2470 etiam
1263 2415 1492 2468 adversa
1515 2413 1753 2467 fortuna.
1797 2432 1927 2467 nam

210 2499 265 2547 et
306 2494 481 2563 initio,
525 2494 668 2547 sicut
709 2492 1065 2561 ostendimuS,
1107 2492 1231 2544 exul
1265 2491 1448 2560 patria
1481 2490 1658 2543 caruit
1691 2493 1762 2558 et,
1803 2507 1928 2543 cum

209 2570 550 2622 Thessaliam
606 2570 664 2621 in
719 2571 1055 2639 potestatem
1111 2567 1499 2619 Thebanorum
1563 2569 1788 2636 cuperet
1850 2583 1929 2618 re-

210 2645 394 2716 digere
438 2644 841 2716 legationisque
884 2643 999 2696 iure
1042 2643 1177 2695 satis
1212 2645 1423 2695 tectum
1458 2660 1514 2694 se
1549 2642 1928 2710 arbitraretur,

212 2721 356 2790 quod
399 2721 541 2789 apud
584 2739 772 2773 omnes
815 2722 1006 2791 gcntes
1050 2721 1301 2771 sanctum
1343 2735 1462 2770 esse
1505 2721 1851 2784 consuesset,
1899 2736 1930 2767 a

212 2799 447 2866 tyranno
490 2795 803 2848 Alexandro
846 2794 1091 2848 Pheraeo
1135 2793 1297 2846 simul
1340 2811 1464 2846 cum
1509 2791 1749 2846 Ismenia
1788 2809 1930 2844 com-

151 2885 177 2925 2
212 2871 513 2941 prehensus
555 2871 611 2922 in
652 2871 832 2924 vincla
872 2869 1150 2924 coniectus
1185 2874 1284 2921 est.
1341 2868 1486 2922 hunc
1517 2866 1930 2938 Epaminondas

213 2946 586 3017 recuperavit,
645 2946 787 2999 bello
845 2963 1177 3016 persequens
1228 2944 1616 2998 Alexandrum⁴
1694 2945 1821 3013 post
1876 2941 1934 2995 id
