2019 3310
191 125 223 178 8
657 121 714 165 11.
757 117 1227 165 THEmsTOCLEs.
1277 125 1314 163 1.
1348 124 1388 164 2.

132 261 158 300 3
194 264 330 316 quae
364 244 695 299 contumelia
725 261 836 295 non
867 241 1037 312 fregit
1069 259 1207 309 eum,
1241 240 1335 294 sed
1368 241 1553 294 erexit.
1607 258 1735 293 nam
1767 258 1890 294 cum

191 321 486 374 iudicasset
534 319 649 371 sine
699 335 913 370 summa
958 315 1230 369 industria
1274 333 1385 368 non
1431 333 1592 385 posse
1640 333 1760 368 eam
1806 333 1891 368 ex·

194 395 416 466 stingui,
442 397 623 446 totum
649 410 705 444 se
732 391 938 444 dedidit
961 391 1041 443 rei
1066 390 1331 460 publicae,
1356 388 1674 460 diligentius
1700 389 1889 443 amicis

192 470 475 538 famaeque
509 467 763 520 serviens,
827 465 1062 518 multum
1094 465 1151 518 in
1191 464 1406 517 iudiciis
1445 464 1675 533 privatis
1715 481 1891 518 versa-

193 545 382 611 batur,
423 560 581 610 saepe
622 541 679 593 in
718 540 1030 594 contionem
1069 539 1258 609 populi
1298 538 1578 609 prodibat3
1615 538 1768 591 nulla
1805 556 1891 591 res

196 619 368 672 maior
415 617 531 669 sine
580 634 642 668 eo
691 615 1008 686 gerebatur,
1063 614 1311 667 celeriter
1362 631 1499 683 quae
1552 631 1689 682 opus
1737 617 1893 666 erant

135 707 163 743 4
197 691 524 762 reperiebat,
580 689 737 743 facile
794 690 980 741 eadem
1033 689 1278 742 oratione
1331 688 1662 757 explicabat,
1717 705 1893 756 neque

199 767 375 819 minus
414 765 472 818 in
510 765 673 818 rebus
713 764 963 834 gerendis
1000 767 1288 832 promptus
1322 781 1486 832 quam
1519 761 1893 833 excogitandis

198 845 329 910 erat,
370 839 513 908 quod
548 843 602 891 et
634 839 697 892 de
738 838 1089 906 instantibuS‚
1127 842 1190 890 ut
1224 838 1301 890 ait
1332 836 1692 907 ThucydideS,
1731 835 1895 889 veris-

197 916 331 968 sime
381 914 657 967 iudicabat
705 917 759 966 et
807 913 869 966 de
919 913 1118 965 futuris
1171 912 1521 965 callidissime
1574 911 1895 966 coniciebat.

199 1008 304 1060 quo
345 989 552 1042 factum
593 991 677 1040 est
715 991 778 1040 ut
819 988 969 1040 brevi
1011 991 1256 1056 tempore
1297 987 1682 1040 illustraretur.

129 1064 164 1116 2
346 1063 563 1116 Primus
605 1067 789 1114 autem
829 1062 1028 1133 gradus
1069 1061 1176 1113 fuit
1217 1061 1577 1130 capessendae
1609 1060 1688 1114 rei
1719 1059 1896 1131 publi·

199 1158 289 1192 cae
346 1138 491 1190 bello
541 1135 868 1206 Corcyraeo:
932 1136 998 1188 ad
1051 1136 1194 1204 quod
1250 1135 1545 1206 gerendum
1595 1138 1817 1206 praetor
1865 1152 1896 1186 a

197 1213 398 1283 populo
440 1211 618 1265 factus
666 1229 775 1264 non
823 1211 1001 1264 solum
1048 1209 1325 1279 praesenti
1371 1210 1540 1279 bello,
1587 1209 1682 1263 sed
1728 1208 1896 1263 etiam

139 1301 164 1339 2
199 1288 408 1357 reliquo
459 1290 705 1355 tempore
755 1286 1076 1338 ferociorem
1124 1284 1358 1337 reddidit
1398 1285 1692 1338 civitatem.
1769 1301 1896 1337 nam

201 1381 322 1416 cum
369 1361 598 1431 pecunia
646 1361 888 1429 publica,
937 1378 1073 1429 quae
1122 1378 1186 1412 ex
1235 1359 1472 1413 metallis
1513 1358 1748 1428 redibat,
1795 1358 1898 1411 lar-

200 1438 406 1508 gitione
434 1435 857 1506 magistratuum
883 1434 1175 1503 quotannis
1209 1434 1474 1503 interiret,
1505 1433 1599 1487 ille
1623 1432 1901 1504 persuasit

199 1512 402 1581 populo
445 1514 507 1562 ut
547 1529 609 1562 ea
649 1510 878 1579 pecunia
919 1509 1108 1562 classis
1152 1512 1369 1562 centum
1400 1509 1621 1561 navium
1655 1507 1899 1561 aedifica-

142 1600 166 1637 3
202 1591 365 1639 retur.
423 1603 529 1654 qua
562 1585 812 1637 celeriter
843 1584 1034 1637 effecta
1073 1584 1310 1653 primum
1344 1581 1677 1653 Corcyraeos
1717 1581 1898 1654 fregit,

202 1661 391 1714 deinde
434 1659 738 1712 maritimos
788 1659 1086 1728 praedones
1127 1658 1487 1711 consectando
1529 1675 1676 1710 mare
1716 1659 1899 1709 tutum

203 1735 449 1788 reddidit.
510 1735 566 1787 in
600 1752 706 1803 quo
739 1752 862 1786 cum
895 1733 1099 1785 divitiis
1134 1732 1362 1801 ornavit,
1404 1736 1523 1785 tum
1556 1731 1723 1785 etiam
1762 1731 1899 1800 peri-

142 1823 168 1861 4
203 1811 446 1863 tissimos
468 1809 599 1861 belli
619 1808 828 1861 navalis
852 1808 982 1861 fecit
1000 1807 1376 1860 Athenienses.
1409 1807 1463 1860 id
1481 1810 1715 1877 quantae
1734 1806 1900 1859 saluti

205 1885 370 1937 fuerit
411 1884 691 1936 universae
727 1881 1000 1951 Graeciae,
1042 1883 1185 1936 bello
1227 1882 1508 1953 cognitum
1547 1885 1633 1935 est
1665 1880 1900 1935 PersicO.

204 1978 330 2012 nam
364 1977 486 2012 cum
520 1957 724 2010 Xerxes
758 1961 813 2010 et
847 1957 982 2010 mari
1017 1961 1072 2010 et
1104 1960 1252 2010 terra
1283 1957 1486 2010 bellum
1509 1956 1791 2009 universae
1823 1955 1901 2008 in-

205 2034 374 2087 ferret
406 2033 674 2101 Europae,
707 2051 829 2085 cum
871 2032 1039 2084 tantis
1074 2031 1245 2101 copiis
1276 2049 1390 2085 eam
1422 2032 1628 2101 invasit,
1667 2032 1901 2100 quantas

148 2122 172 2159 5
206 2126 381 2177 neque
422 2111 547 2160 ante
588 2125 685 2160 nec
725 2110 916 2176 postea
956 2107 1150 2159 habuit
1190 2106 1500 2176 quisquam:
1555 2104 1717 2159 huius
1756 2103 1900 2157 em‘m

209 2183 399 2237 classis
452 2182 599 2234 mille
652 2184 707 2234 et
762 2181 1115 2234 ducentarum
1167 2181 1387 2233 navium
1442 2181 1728 2252 longarum
1782 2177 1903 2247 fuit,

210 2276 373 2326 quam
420 2257 524 2309 duo
574 2255 725 2308 milia
773 2256 1142 2308 onerariarum
1191 2256 1578 2324 sequebantur,
1626 2253 1902 2306 terrestris

211 2337 392 2384 autem
419 2330 688 2384 exercitus
715 2330 1062 2400 septingenta
1090 2330 1350 2399 peditum,
1379 2329 1624 2399 equitum
1654 2327 1903 2397 quadrin-

153 2420 178 2458 6
213 2411 377 2482 genta
414 2405 566 2458 milia
607 2404 840 2457 fuerunt.
927 2405 1077 2457 cuius
1118 2404 1182 2456 de
1223 2404 1456 2457 adventu
1498 2421 1620 2456 cum
1660 2402 1805 2455 fama
1847 2403 1903 2456 in

215 2481 497 2532 Graeciam
547 2483 691 2533 esset
739 2478 949 2548 perlata
997 2481 1052 2530 ct
1102 2479 1332 2530 maxime
1381 2477 1742 2530 Athenienses
1790 2477 1904 2547 peti

213 2555 520 2607 dicerentur
575 2558 802 2623 propter
856 2570 1093 2623 pugnam
1150 2551 1583 2622 Marathoniam,
1640 2551 1907 2606 miserunt

214 2627 458 2697 Delphos
507 2629 842 2696 consultum,
893 2627 1150 2697 quidnam
1192 2626 1432 2680 facerent
1471 2627 1533 2679 de
1576 2626 1737 2680 rebus
1778 2626 1906 2680 suis.

215 2703 642 2756 deliberantibus
684 2702 886 2772 Pythia
926 2701 1226 2770 respondit,
1278 2704 1339 2753 ut
1389 2701 1669 2755 moenibus
1709 2700 1906 2772 ligneis

155 2791 180 2830 ‘1
217 2796 274 2830 se
317 2778 604 2830 munirent.
684 2777 735 2828 id
786 2794 1104 2846 responsum
1147 2793 1253 2843 quo
1296 2776 1500 2829 valeret
1539 2794 1663 2830 cum
1701 2774 1907 2829 intelle-

216 2855 372 2923 geret
425 2870 615 2920 ncmo,
670 2850 1065 2904 Themistocles
1122 2851 1394 2918 persuasit
1449 2850 1736 2904 consilium
1790 2866 1908 2903 esse

215 2925 506 2996 Apollinis,
540 2929 602 2977 ut
634 2925 688 2977 in
723 2944 887 2978 naves
921 2943 978 2978 se
1011 2942 1214 2993 suaque
1247 2925 1576 2979 conferrent:
1616 2941 1741 2979 eum
1764 2923 1908 2977 enim
