2164 3358
136 809 746 877 DISCBEPANTIA
804 808 1314 871 SCRIPTURAE
1365 807 1894 872 HALMIANAE.

275 1031 446 1094 praef.
489 1025 523 1094 ξ
567 1030 597 1078 2
643 1026 732 1078 sed
772 1028 810 1077 ii
852 1030 1006 1077 erunt
1103 1023 1137 1090 g
1182 1028 1212 1077 3
1248 1026 1301 1075 hi
1336 1027 1378 1076 si
1412 1026 1687 1077 didicerint
1787 1024 1820 1090 ξ
1856 1029 1890 1076 4

131 1110 219 1159 eat
257 1105 490 1158 mercede
530 1105 788 1156 conducta

287 1185 421 1235 Mitt.
459 1186 508 1250 1,
549 1185 579 1233 2
625 1183 713 1248 qui
748 1182 1078 1232 consulerent
1111 1181 1408 1246 Apollinem
1537 1181 1760 1231 Thraces
1796 1175 1894 1249 (sic

125 1254 444 1330 plerumque)
579 1261 611 1310 3
662 1259 742 1309 his
877 1261 910 1309 4
962 1259 1120 1324 idque
1170 1258 1371 1307 Lemnii
1514 1260 1543 1307 5
1598 1255 1888 1323 profectus]

131 1338 461 1405 proficiscens
573 1339 623 1403 2,
651 1338 681 1386 3
719 1336 956 1401 quamvis
1067 1341 1317 1399 perpetuo
1351 1335 1626 1399 imperium
1752 1338 1784 1384 4
1813 1335 1889 1384 illi

133 1416 271 1468 enim
313 1457 323 1467 .
366 1457 376 1466 .
420 1431 531 1467 sese
585 1413 876 1479 dedituros,
925 1429 978 1463 se
1029 1417 1204 1462 autem
1255 1412 1464 1461 domum
1598 1415 1654 1478 3,
1709 1417 1734 1462 1
1791 1429 1892 1477 quo

133 1494 310 1559 copias
419 1491 609 1559 quibus
636 1491 858 1556 singulis
883 1491 1114 1555 ipsorum
1140 1490 1349 1539 urbium
1471 1492 1501 1540 3
1530 1489 1613 1538 hic
1641 1506 1759 1540 cum
1786 1531 1794 1539 .
1825 1531 1834 1539 .
1863 1506 1893 1539 a

132 1569 358 1637 Scythis,
374 1567 637 1620 Miltiades
654 1568 897 1618 hortatus
916 1570 996 1619 est
1075 1567 1180 1617 4id
1199 1570 1252 1616 et
1268 1567 1419 1616 facile
1504 1567 1821 1617 5Histiaeus

131 1649 184 1715 4,
229 1650 256 1698 1
293 1646 691 1712 Artaphernem,
733 1645 916 1711 hisque
1031 1648 1061 1694 2
1106 1645 1149 1695 is
1184 1648 1263 1694 est
1296 1644 1359 1693 ab
1473 1646 1503 1694 3
1541 1661 1697 1710 quam
1738 1644 1893 1694 celeri

132 1740 262 1791 opus
304 1727 440 1775 esset
549 1725 598 1790 5,
637 1725 669 1774 3
704 1723 961 1786 proelium
996 1723 1367 1773 commiserunt
1403 1715 1647 1789 (namque
1683 1722 1892 1772 arbores

131 1802 314 1854 multis
348 1801 475 1852 locis
516 1803 666 1852 erant
705 1794 879 1868 rarae)
969 1816 1032 1850 ne
1075 1798 1411 1849 multitudine
1446 1799 1816 1849 clauderentur

133 1881 187 1947 8,
231 1882 259 1931 1
301 1875 540 1944 nimiam]
583 1878 815 1928 omnium
952 1880 982 1927 2
1027 1893 1145 1927 nam
1188 1876 1493 1927 Chersonesi

288 1955 454 2008 Tio-em.
501 1960 548 2022 1,
595 1958 620 2005 1
674 1954 980 2005 ordiendum
1100 1957 1130 2004 2
1167 1951 1520 2019 Acarnanam]
1560 1954 1890 2004 Halicarnas-

132 2033 264 2086 siam
360 2035 411 2100 2,
442 2035 477 2084 4
505 2033 683 2098 copiis,
717 2035 940 2097 quantas
1041 2034 1090 2098 3,
1121 2034 1153 2082 3
1188 2032 1271 2081 hic
1306 2031 1403 2082 etsi
1502 2033 1550 2097 5,
1587 2033 1617 2080 3
1654 2032 1779 2081 haec
1815 2034 1894 2081 est

131 2111 302 2163 altera
435 2113 494 2177 6,
537 2112 567 2161 5
611 2110 719 2161 sive
761 2125 905 2159 sacer
953 2112 1055 2159 sive
1085 2111 1345 2173 profanus
1385 2108 1491 2159 sive
1538 2109 1775 2173 privatus

133 2189 186 2257 7,
228 2190 260 2240 2
310 2188 501 2255 quibus
549 2187 676 2238 fides
716 2187 997 2237 haberetur
1124 2189 1155 2238 5
1206 2187 1386 2236 urbem
1429 2191 1490 2236 ut
1530 2201 1891 2252 propugnacu-

130 2264 244 2317 lum
361 2261 560 2331 copias]
598 2265 789 2316 classes
902 2266 951 2330 8,
987 2267 1017 2314 2
1055 2265 1239 2314 absens
1272 2263 1580 2327 proditionis
1615 2263 1892 2313 damnatus

132 2344 214 2395 oet
356 2345 388 2394 3
438 2342 695 2408 principes
742 2341 1197 2392 animadvertisset
1330 2341 1615 2405 hospitium
1666 2344 1778 2390 erat

133 2420 172 2470 4
200 2418 366 2471 filiam
398 2420 510 2471 eius
544 2419 819 2485 parvulam
853 2420 1078 2484 arripuit
1102 2422 1155 2469 et
1180 2435 1297 2468 cum
1325 2434 1385 2468 ea
1497 2420 1545 2483 9,
1574 2421 1603 2466 2
1635 2414 1891 2482 omnium]

132 2492 404 2548 hominum
484 2498 572 2564 10,
602 2501 627 2548 1
650 2496 927 2547 Persarum
946 2493 1051 2562 [se]
1079 2495 1278 2546 dedidit
1363 2496 1448 2561 10,
1468 2496 1500 2544 4
1521 2495 1700 2545 multis
1727 2494 1894 2545 modis

285 2571 445 2627 Arist.
491 2577 547 2641 1,
592 2577 617 2624 1
665 2573 1016 2624 Themistocli.
1066 2574 1244 2639 itaque
1366 2575 1423 2637 2,
1471 2575 1495 2621 1
1542 2588 1643 2637 quo
1685 2571 1891 2622 Mardo-

134 2647 254 2700 nius
276 2648 425 2702 fusus
447 2650 892 2716 barbarorumque
919 2651 1175 2701 exercitus
1198 2650 1502 2700 interfectus
1521 2652 1600 2699 est
1683 2652 1712 2699 2
1735 2665 1894 2714 quam

136 2725 295 2777 hm’us
335 2726 539 2793 imperii
620 2726 758 2794 quod
801 2728 913 2778 eius
946 2729 1210 2793 aequitate
1293 2743 1394 2792 quo
1429 2726 1558 2777 duce
1591 2725 1894 2777 Mardonius

134 2805 248 2853 erat
285 2802 502 2869 fugatus

286 2879 441 2932 Paus.
470 2883 520 2946 1,
546 2882 579 2931 3
605 2880 838 2947 Apollini
865 2883 1059 2933 donum
1184 2885 1233 2947 2,
1264 2886 1289 2932 1
1321 2898 1382 2931 ex
1408 2881 1488 2932 his
1514 2880 1814 2947 regionibus

134 2957 166 3008 2
210 2956 263 3008 in
303 2956 369 3008 iis
487 2957 522 3007 4
555 2957 734 3025 agere]
769 2960 879 3027 geri
1001 2962 1032 3010 5
1069 2959 1349 3025 collaudat,
1383 2958 1518 3023 petit
1629 2960 1678 3023 3,
1719 2960 1743 3006 1
1785 2958 1891 3005 sto·

132 3030 266 3100 lida]
298 3032 491 3085 callida
586 3035 617 3084 7
645 3050 748 3101 quo
773 3037 926 3104 argui
953 3041 1127 3101 posset
1219 3039 1271 3103 4,
1301 3039 1326 3085 1
1358 3051 1514 3100 super
1538 3034 1633 3085 tali
1658 3048 1815 3084 causa

1452 3120 1517 3164 a*
