2164 3358
599 157 767 204 xvlu.
802 155 1112 203 EUMENES.
1162 161 1297 201 6-8.
1744 154 1815 206 75

80 287 342 358 parerent
393 284 621 354 eiusque
675 282 923 338 consiliis
970 283 1276 335 uterentur.
1346 278 1435 333 his
1491 277 1656 332 rebus
1711 276 1819 331 Eu·
1852 291 1879 330 5

83 378 270 417 menes
310 364 598 431 permotus
639 359 815 413 satius
855 357 1042 425 duxit,
1097 355 1144 409 si
1186 356 1266 408 ita
1307 354 1532 408 tulisset
1578 353 1819 424 fortuna,

81 436 262 509 perire
295 436 435 491 bene
470 435 685 490 meritis
715 433 1046 488 referentem
1073 432 1313 504 gratiam
1342 450 1507 502 quam
1534 430 1819 501 ingratum

81 531 284 569 vivere.

234 587 433 660 Itaque
481 588 672 659 copias
721 585 1025 654 contraxit,
1083 584 1290 638 bellum
1349 583 1611 637 adversus
1662 582 1819 636 Anti·
1855 582 1885 633 7

83 683 295 740 gonum
336 663 695 735 comparavit.
767 661 914 732 quod
954 679 1064 715 una
1105 665 1264 715 erant
1304 659 1634 714 Macedones
1676 676 1820 712 com-

83 741 274 814 plures
320 739 561 808 nobiles,
606 738 664 792 in
705 738 785 792 eis
827 736 1146 806 Peucestes,
1195 737 1289 807 qui
1340 736 1588 806 corporis
1630 739 1821 789 custos

82 818 268 875 fuerat
304 814 630 886 Alexandri,
682 818 803 869 tum
845 818 1032 868 autem
1074 813 1368 867 obtinebat
1409 811 1716 880 Persidem,
1764 814 1822 865 et

85 893 413 968 Antigenes,
452 891 608 947 cuius
634 890 738 945 sub
767 890 1001 961 imperio
1027 889 1269 961 phalanx
1295 893 1415 944 erat
1440 887 1821 957 Macedonum,

83 968 349 1025 invidiam
389 985 585 1023 verens
619 966 810 1039 (quam
853 971 1042 1020 tamen
1082 966 1323 1038 effugere
1356 984 1470 1020 non
1503 962 1732 1035 potuit),
1773 963 1819 1017 si

83 1045 275 1120 potius
314 1044 335 1099 i
376 1062 435 1099 se
476 1043 788 1116 alienigena
829 1043 1031 1097 summi
1074 1042 1292 1114 imperii
1333 1042 1612 1113 potiretur
1653 1058 1820 1110 quam

83 1121 292 1194 aliquis
336 1063 719 1192 {dacedoan
776 1138 1010 1190 quorum
1068 1119 1146 1172 ibi
1204 1122 1326 1173 erat
1383 1116 1708 1186 multitudO,
1764 1117 1820 1170 in
1854 1129 1881 1169 2

84 1197 376 1271 principiis
418 1196 719 1252 Alexandri
768 1196 992 1250 nomine
1043 1195 1465 1250 tabernaculum
1515 1193 1718 1248 statuit
1766 1193 1823 1246 in

84 1292 262 1347 eoque
303 1273 499 1331 sellam
540 1292 763 1328 auream
805 1291 930 1327 cum
964 1276 1185 1343 sceptro
1220 1291 1283 1326 ac
1316 1271 1625 1326 diademate
1659 1269 1825 1323 iussit

87 1350 222 1423 poni
261 1368 439 1422 eoque
479 1368 671 1405 omnes
713 1348 944 1404 cottidie
986 1349 1302 1419 convenire,
1349 1352 1414 1403 ut
1453 1347 1531 1401 ibi
1573 1346 1638 1400 de
1681 1364 1824 1400 sum-

87 1426 194 1482 mis
234 1426 402 1482 rebus
443 1426 678 1482 consilia
718 1429 1070 1497 caperentur,
1118 1425 1343 1479 credens
1394 1423 1606 1478 minore
1649 1441 1706 1476 se
1747 1422 1825 1475 in·

86 1503 236 1558 vidia
282 1502 427 1574 fore,
478 1503 526 1557 si
574 1503 757 1574 specie
807 1502 1025 1573 imperii
1073 1501 1424 1571 nominisque
1468 1498 1824 1554 simulatione
1896 1503 1899 1506 ’

86 1578 392 1635 Alexandri
423 1578 634 1634 bellum
666 1578 946 1633 videretur
980 1577 1384 1632 administrare.
1446 1575 1593 1647 quod
1627 1574 1823 1630 effecit.

84 1673 216 1711 nam
248 1673 376 1711 cum
408 1673 522 1711 non
554 1654 623 1710 ad
648 1653 916 1710 Eumenis
950 1655 1240 1726 principia,
1281 1653 1376 1709 sed
1410 1653 1478 1707 ad
1513 1652 1669 1725 regia
1700 1670 1824 1706 con·
1859 1666 1884 1704 3

86 1732 370 1787 veniretur
417 1735 586 1803 atque
634 1731 713 1785 ibi
762 1731 828 1785 de
882 1731 1047 1785 rebus
1104 1731 1529 1800 deliberaretur,
1584 1729 1824 1799 quodam

87 1807 253 1895 modo
294 1807 534 1880 latebat,
587 1826 712 1863 cum
753 1812 943 1862 tamen
982 1826 1081 1878 per
1121 1826 1246 1861 eum
1287 1825 1458 1861 unum
1500 1808 1825 1878 gererentur

89 1901 292 1939 omma.

239 1958 349 2016 Hic
395 1961 454 2017 in
500 1959 821 2016 Paraetacis
871 1980 995 2015 cum
1045 1960 1333 2032 Antigono
1383 1958 1657 2028 conflixit,
1712 1977 1824 2012 non
1859 1957 1891 2010 8

88 2036 210 2093 acie
249 2036 542 2109 instructa,
582 2037 676 2092 sed
718 2038 771 2091 in
816 2037 1031 2106 itinere,
1071 2055 1307 2107 eumque
1348 2035 1493 2090 male
1535 2038 1824 2104 acceptum

88 2112 149 2168 in
189 2111 433 2168 Mediam
471 2112 779 2169 hiematum
822 2114 1008 2185 coegit
1057 2113 1250 2167 redire.
1329 2112 1449 2184 ipse
1489 2112 1546 2166 in
1587 2111 1824 2164 finitima

91 2189 321 2264 regione
361 2188 605 2245 Persidis
644 2190 953 2245 hiematum
995 2190 1183 2260 copias
1225 2188 1442 2259 divisit,
1481 2206 1590 2242 non
1634 2191 1696 2239 ut
1737 2205 1825 2239 vo-

87 2264 220 2337 luit,
271 2265 367 2322 sed
414 2269 480 2322 ut
525 2266 770 2321 militum
820 2266 1059 2338 cogebat
1098 2266 1373 2320 voluntas.
1451 2282 1687 2332 namque
1728 2262 1825 2315 illa
1858 2275 1886 2315 2

89 2339 333 2414 phalanx
367 2342 668 2398 Alexandri
710 2341 920 2415 Magni,
963 2360 1102 2414 quae
1136 2342 1331 2397 Asiam
1372 2344 1699 2412 peragrarat
1740 2337 1826 2392 de-

90 2416 410 2491 viceratque
449 2417 674 2490 Persas,
726 2419 1037 2474 inveterata
1085 2438 1209 2473 cum
1259 2418 1439 2491 gloria
1487 2421 1606 2469 tum
1656 2415 1827 2469 etiam

91 2491 343 2566 licentia,
387 2513 500 2551 non
539 2514 734 2568 parere
775 2514 833 2550 se
874 2495 1132 2565 ducibus,
1181 2495 1275 2549 sed
1325 2495 1597 2564 imperare
1638 2495 1827 2562 postu-

93 2568 273 2641 labat,
318 2573 384 2625 ut
428 2590 576 2628 nunc
623 2572 870 2628 veterani
918 2572 1133 2627 faciunt
1184 2570 1377 2625 nostri.
1460 2569 1647 2638 itaque
1689 2567 1828 2638 peri-

93 2645 282 2701 culum
329 2649 418 2702 est
461 2665 532 2704 ne
579 2648 791 2704 faciant
842 2649 989 2719 quod
1038 2649 1122 2702 illi
1164 2647 1437 2714 fecerunt,
1486 2663 1586 2698 sua
1633 2643 1828 2697 intem·

92 2721 351 2794 perantia
402 2721 685 2797 nimiaque
740 2724 970 2780 licentia
1020 2728 1084 2778 ut
1133 2723 1318 2776 omnia
1369 2720 1604 2792 perdant
1651 2738 1828 2789 neque

93 2798 281 2853 minus
323 2815 435 2869 eos,
475 2816 600 2855 cum
641 2800 844 2872 quibus
885 2801 1134 2867 fecerint,
1176 2816 1341 2869 quam
1384 2797 1646 2851 adversus
1689 2813 1827 2865 quos

0 2932 4 2950 ν
94 2874 377 2931 steterint.
431 2874 629 2945 quodsi
662 2876 787 2947 quis
819 2876 1044 2932 illorum
1072 2879 1461 2929 veteranorum
1487 2873 1641 2944 legat
1666 2871 1828 2938 facta,
1862 2882 1890 2920 3

0 2954 14 3030 '3
87 2950 252 3020 paria
289 2949 490 3006 horum
531 2956 836 3023 cognoscat
873 2971 1053 3023 neque
1095 2969 1211 3004 rem
1251 2949 1424 3003 ullam
1466 2948 1572 3003 nisi
1609 2952 1828 3014 tempus

0 3037 11 3095 7
87 3025 364 3083 interesse
404 3025 627 3082 iudicet.
705 3026 801 3081 sed
841 3027 909 3082 ad
950 3028 1079 3081 illos
1122 3030 1381 3080 revertar.
1422 3025 1655 3079 hiberna
1687 3039 1831 3074 sum-
