2019 3310
169 111 244 163 44
735 108 814 153 XI.
850 106 1230 152 IPHICRATES.
1280 113 1319 152 3.

110 247 136 288 2
170 234 444 288 rationem
486 233 585 303 sui,
627 232 721 285 sed
760 232 819 285 in
857 232 1047 284 labore
1087 230 1253 283 nimis
1294 230 1557 284 remissus
1590 246 1896 300 parumque

170 310 417 380 patienS‚
471 313 535 362 ut
589 307 979 377 Theopompus
1036 306 1336 360 memoriae
1391 305 1662 375 prodidit,
1717 305 1895 358 bonus

170 404 299 440 vero
350 385 483 438 civis
532 383 748 453 fideque
796 400 1013 453 magna.
1095 381 1240 451 quod
1281 400 1406 435 cum
1453 382 1513 434 in
1564 380 1689 433 aliis
1730 380 1896 433 rebus

172 460 486 530 declaravit,
527 463 647 512 tum
688 459 925 511 maxime
958 458 1017 510 in
1044 459 1321 526 Amyntae
1354 455 1672 510 Macedonis
1704 455 1897 508 liberis

172 535 404 588 tuendis.
483 552 722 603 namque
770 533 1069 602 Eurydice,
1122 536 1301 585 mater
1340 530 1634 585 Perdiccae
1675 534 1732 584 et
1771 529 1898 583 Phi-

172 611 325 680 lippi,
367 628 491 663 cum
523 610 611 662 his
646 609 859 662 duobus
893 608 1079 678 pueris
1114 607 1362 677 Amynta
1395 609 1615 660 mortuo
1650 605 1719 659 ad
1750 604 1898 676 Iphi-

112 699 137 738 3
174 689 363 738 craten
404 685 657 756 confugit
699 684 924 753 eiusque
967 684 1164 753 opibus
1207 683 1431 736 defensa
1472 685 1572 736 est.
1649 680 1790 734 vixit
1830 681 1897 734 ad

174 764 516 814 senectutem
556 760 790 830 placatis
826 760 884 812 in
919 777 975 812 se
1011 777 1236 812 suorum
1270 758 1472 812 civium
1505 755 1720 810 animis,
1778 774 1899 810 cau-

174 854 292 889 sam
334 837 534 906 capitis
579 836 747 888 semel
789 835 950 904 dixit,
991 834 1138 887 bello
1182 834 1400 903 sociali,
1442 833 1607 886 simul
1648 850 1772 886 cum
1811 831 1900 884 Ti·

113 925 139 963 4
172 911 413 980 mothe0‚
448 930 620 980 eoque
654 910 854 964 iudicio
891 913 977 962 est
1010 910 1313 962 absolutus.
1372 908 1697 962 Menesthea
1720 907 1900 960 filium

173 987 400 1056 reliquit
441 1006 505 1039 ex
545 986 818 1039 Thraessa
857 988 1078 1052 natum,
1120 982 1248 1038 Coti
1288 985 1435 1055 regis
1476 984 1605 1037 filia.
1683 983 1731 1036 is
1774 1001 1899 1036 cum

173 1062 635 1133 interrogaretur,
690 1065 878 1114 utrum
925 1059 1100 1130 pluris
1112 1103 1126 1130 ‚
1177 1062 1395 1129 patrem
1444 1063 1775 1129 matremne‚
1823 1057 1900 1111 fa-

175 1141 337 1206 ceret,
380 1135 654 1190 ‘matrem'
696 1136 892 1206 inquit.
954 1135 1009 1188 id
1051 1154 1176 1188 cum
1217 1135 1473 1188 omnibus
1514 1135 1717 1187 mirum
1756 1133 1901 1187 vide-

173 1216 340 1282 retur,
383 1216 440 1265 at
480 1213 573 1265 ille
616 1210 855 1265 ‘merito’
897 1211 1080 1280 inquit
1121 1209 1310 1264 ‘faciot
1350 1229 1481 1263 nam
1516 1214 1690 1280 pater,
1733 1227 1899 1279 quan·

173 1291 294 1341 tum
334 1288 391 1341 in
433 1306 488 1341 se
521 1287 644 1357 fuit,
686 1287 989 1340 Thraecem
1022 1305 1109 1339 me
1143 1286 1352 1357 genuit,
1394 1288 1589 1340 contra
1622 1303 1686 1338 ea
1722 1289 1900 1338 mater

174 1362 608 1417 Atheniensem.'

735 1621 866 1680 XII.
918 1618 1340 1680 CHABRIAS.

120 1742 146 1794 1
328 1739 598 1794 Chabrias
632 1739 1007 1792 Atheniensis,
1071 1738 1162 1791 hic
1205 1755 1422 1807 quoque
1455 1737 1514 1790 in
1547 1735 1776 1790 summis
1808 1737 1900 1790 ha-

176 1815 326 1869 bitus
362 1819 446 1869 est
480 1815 710 1869 ducibus
737 1833 933 1883 resque
962 1814 1167 1866 multas
1194 1813 1462 1866 memoria
1486 1812 1680 1883 dignas
1707 1813 1901 1884 gessit.
1964 1823 1987 1840 “

178 1891 271 1944 sed
321 1910 385 1943 ex
436 1891 504 1944 iis
557 1891 735 1943 elucet
784 1889 1020 1942 maxime
1069 1890 1355 1942 inventum
1404 1889 1519 1941 eius
1569 1889 1625 1941 in
1673 1889 1902 1959 proeli0‚

179 1966 323 2036 quod
359 1966 502 2036 apud
528 1966 745 2019 Thebas
779 1965 928 2034 fecit,
963 1983 1086 2018 cum
1110 1964 1338 2018 Boeotis
1370 1963 1615 2017 subsidio
1642 1964 1899 2017 venisset.

118 2055 141 2094 2
176 2060 412 2111 namque
456 2042 511 2094 in
554 2060 615 2094 eo
659 2042 893 2095 victoria
926 2041 1188 2093 fidentem
1223 2058 1499 2093 summum
1532 2040 1724 2092 ducem
1757 2039 1900 2111 Age-

179 2118 400 2187 silaum,
457 2117 666 2188 fugatis
723 2117 834 2169 iam
884 2117 952 2169 ab
1004 2135 1067 2169 eo
1118 2115 1476 2169 conducticiis
1531 2115 1789 2184 catervis,
1843 2133 1900 2168 eo

173 2194 464 2260 frustratus
510 2197 605 2261 est,
659 2194 796 2260 quod
842 2192 1112 2260 reliquam
1166 2191 1498 2262 phalangem
1551 2190 1672 2243 loco
1722 2191 1901 2244 vetuit

179 2269 365 2322 cedere
409 2268 720 2337 obnixoque
762 2285 905 2338 genu
941 2271 1113 2337 scuto,
1153 2267 1401 2336 proiecta
1433 2265 1597 2318 hasta
1629 2266 1900 2335 impetum

180 2345 426 2414 excipere
459 2344 706 2396 hostium
741 2343 941 2395 docuit.
994 2342 1048 2394 id
1081 2360 1285 2395 novum
1309 2341 1604 2412 Agesilaus
1632 2346 1898 2395 contuens

178 2420 435 2490 progredi
477 2438 587 2472 non
630 2422 714 2472 est
756 2437 921 2471 ausus
965 2436 1202 2487 suosque
1242 2417 1353 2470 iam
1386 2416 1727 2470 incurrentes
1762 2418 1899 2470 tuba

120 2508 144 2547 3
179 2496 472 2547 revocavit.
551 2495 656 2548 hoc
705 2512 878 2563 usque
929 2512 991 2547 eo
1042 2496 1164 2546 tota
1205 2490 1436 2545 Graecia
1476 2491 1623 2544 fama
1664 2493 1899 2546 celebra-

179 2574 298 2622 tum
352 2573 457 2638 est,
516 2574 577 2622 ut
632 2570 727 2623 illo
788 2572 937 2622 statu
989 2566 1258 2621 Chabrias
1315 2567 1422 2620 sibi
1479 2571 1724 2620 statuam
1778 2568 1898 2621 fieri

178 2645 429 2713 voluerit,
473 2664 609 2713 quae
651 2645 870 2715 publice
905 2645 953 2697 ei
981 2645 1049 2697 ab
1076 2642 1511 2696 Atheniensibus
1537 2644 1595 2696 in
1620 2642 1740 2697 foro
1775 2661 1899 2697 con-

180 2720 379 2773 stituta
408 2724 505 2771 est.
560 2739 622 2773 ex
652 2739 757 2789 quo
784 2720 993 2773 factum
1021 2722 1106 2771 est
1131 2721 1193 2770 ut
1220 2722 1414 2787 postea
1440 2719 1683 2772 athletae
1710 2719 1899 2772 ceteri-

181 2814 283 2865 que
317 2795 555 2847 artifices
591 2796 657 2847 iis
694 2796 934 2848 statibus
969 2796 1025 2846 in
1061 2794 1262 2847 statuis
1297 2795 1562 2863 ponendis
1595 2798 1898 2864 uterentur,

181 2871 379 2940 quibus
422 2870 710 2922 victoriam
753 2874 937 2923 essent
977 2869 1177 2938 adepti.

120 2946 153 2999 2
332 2944 600 2999 Chabrias
653 2950 836 2998 autem
888 2945 1063 2998 multa
1110 2945 1167 2997 in
1207 2943 1432 3015 Europa
1483 2944 1625 2998 bella
1673 2944 1899 2998 admini-

1970 3142 1994 3310 -r-:c-‹a‘
1982 3071 1987 3085 v-
