2164 3358
651 186 750 234 xx.
783 187 1123 235 monson.
1173 192 1214 234 ⁶.
1735 193 1807 246 85

79 309 228 384 quod
273 310 508 383 quisque
557 312 748 383 vellet,
802 311 1019 385 legibus
1076 313 1310 383 experiri
1361 313 1568 368 liceret.
1647 314 1809 386 idem,
1839 329 1867 371 s

78 404 206 444 cum
252 386 478 459 quidam
527 386 821 460 Laphystii
869 387 1093 456 similis,
1149 389 1370 443 nomine
1423 388 1808 458 Demaenetus,

79 462 139 519 in
176 462 437 519 contione
476 463 667 536 populi
708 463 774 518 de
808 462 972 518 rebus
1006 463 1180 534 gestis
1216 465 1333 519 eius
1367 465 1655 520 detrahere
1689 485 1807 521 coe·

78 537 257 612 pinet
302 556 366 595 ac
412 539 679 596 nonnulla
728 538 1081 594 inveheretur
1129 540 1184 594 in
1234 540 1612 611 Timoleonta,
1666 542 1809 596 dixit

77 632 223 671 nunc
262 614 485 671 demum
525 633 584 670 se
624 614 741 669 voti
782 632 902 669 esse
943 614 1289 670 damnatum:
1342 636 1580 688 namque
1628 617 1734 673 hoc
1776 637 1808 672 a

79 689 165 747 dis
212 689 624 760 immortalibus
672 708 891 762 semper
945 696 1255 763 precatum,
1311 697 1374 747 ut
1424 695 1591 748 talem
1647 694 1806 749 liber-

79 770 256 823 tatem
287 766 609 823 restitueret
633 763 1014 837 Syracusanis,
1054 767 1109 821 in
1152 787 1261 838 qua
1301 769 1474 822 cuivis
1517 769 1708 824 liceret
1740 770 1806 825 de

79 860 191 916 quo
230 841 400 898 vellet
435 842 576 912 quod
609 842 755 897 uellet
794 843 1018 914 impune
1059 843 1253 898 dicere.

228 915 339 974 Hie
377 935 504 974 cum
543 917 689 973 diem
722 937 1041 990 supremum
1074 920 1301 989 obisset,
1342 921 1562 991 publice
1589 940 1620 975 a
1648 920 1805 991 Syra·
1840 934 1869 976 4

78 993 300 1052 enanis
346 993 406 1050 in
443 995 763 1067 gymnasio,
815 995 959 1066 quod
1000 964 1445 1052 Timoleonteum
1480 997 1807 1069 appellatur,

79 1073 204 1127 tota
240 1068 557 1128 celebrante
599 1068 790 1125 Sicilia
830 1071 1081 1142 sepultus
1122 1077 1221 1126 est.

767 1223 903 1230 ῃ..
918 1224 1007 1229 --——
1023 1225 1091 1230 --

572 1329 732 1392 XXI.
783 1329 890 1391 DE
940 1330 1305 1394 REGIBUS.

231 1446 308 1506 ni
332 1448 446 1505 fere
471 1447 696 1506 fuerunt
722 1447 963 1504 Graecae
988 1452 1171 1522 gentis
1197 1451 1377 1522 duces,
1410 1453 1503 1523 qui
1539 1453 1804 1507 memoria
1843 1454 1868 1507 l

80 1525 235 1658 diffni
275 1525 580 1597 videantur,
619 1530 840 1597 praeter
881 1543 1063 1599 reges:
1115 1545 1352 1598 namque
1393 1546 1485 1582 eos
1528 1529 1804 1601 attingere

78 1620 152 1659 no
175 1601 376 1672 nimus,
414 1601 562 1674 quod
603 1602 849 1657 omnium
885 1620 971 1656 res
1004 1607 1194 1674 gestae
1228 1605 1529 1674 separatim
1563 1610 1694 1659 sunt
1727 1625 1803 1660 re-

77 1678 241 1735 latas.
294 1695 472 1749 neque
512 1681 698 1733 tamen
740 1678 777 1731 ii
812 1677 1106 1733 admodum
1141 1684 1270 1733 sunt
1306 1681 1481 1734 multi.
1542 1679 1804 1735 Lacedae-
1837 1695 1865 1734 8

79 1753 299 1811 monins
338 1757 525 1809 autem
566 1753 860 1829 Agesilaus
909 1756 1155 1823 nomine,
1207 1774 1317 1809 non
1367 1760 1645 1842 potestate
1695 1757 1803 1812 fuit

81 1847 193 1918 rex,
230 1829 378 1887 nent
408 1830 578 1886 ceteri
606 1828 882 1902 Spartani.
942 1850 1007 1885 ex
1041 1831 1109 1884 iis
1145 1850 1289 1900 vero,
1331 1832 1423 1902 qui
1458 1832 1803 1887 dominatum

79 1905 314 1979 imperio
337 1909 652 1974 tenuerunt,
691 1906 1140 1961 excellentissimi
1177 1875 1415 1978 fuerunt,
1448 1912 1510 1962 nt
1536 1927 1635 1963 nos
1670 1909 1804 1963 iudi·

80 1998 287 2054 camus,
308 1979 603 2038 Persarum
628 1981 806 2054 Cyrus
832 1987 888 2035 et
916 1982 1131 2052 Darius,
1166 1981 1434 2055 Hystaspi
1470 1984 1804 2070 flli113,quo-

80 2076 204 2114 rum
227 2060 459 2130 uterque
521 2058 733 2113 rivatus
760 2058 963 2113 virtute
991 2078 1218 2130 regnum
1245 2063 1332 2113 est
1355 2059 1603 2132 adeptus.
1653 2062 1803 2131 prior

77 2132 280 2191 horum
318 2132 464 2206 apud
649 2138 840 2207 agetas
882 2135 938 2189 in
980 2136 1191 2206 proelio
1225 2135 1438 2206 cecidit,
1479 2134 1680 2191 Darius
1722 2156 1801 2190 se-

77 2213 304 2267 nectute
358 2208 505 2265 diem
552 2210 697 2266 obiit
751 2229 1083 2282 supremum.
1163 2216 1276 2266 tres
1333 2180 1463 2267 suxit
1519 2218 1801 2282 praeterea
1834 2227 1861 2267 8

79 2283 324 2342 dudem
362 2285 570 2359 gentis.
610 2284 817 2341 Xerxes
858 2291 915 2341 et
953 2286 1061 2341 duo
1097 2289 1450 2354 Artaxerxae,
1493 2286 1802 2342 Macrochir

80 2360 406 2449 cognomine
431 2366 490 2417 et
514 2359 790 2418 Mnemon.
833 2362 999 2417 Xerxi
1026 2364 1261 2418 maxime
1288 2369 1373 2416 est
1400 2364 1629 2432 illustre,
1656 2363 1800 2434 quod

512 2436 799 2493 hominum
828 2440 1148 2494 memoriam
1175 2440 1506 2493 exercitibus
1527 2443 1674 2493 terra
1694 2458 1800 2492 ma-

80 2510 1802 2676 12:202mm3¹²¹&ssss33103232532322‘0'332‘5ffi?
1834 2530 1862 2569 ⁴

627 2665 744 2721 bili
769 2669 989 2723 ornavit
1015 2669 1218 2721 virtute
1246 2666 1400 2719 belli.
1441 2685 1677 2738 namque
1704 2667 1802 2721 illo

79 2678 411 2795 Perse-qm
294 2755 456 2795 nemo
474 2757 639 2797 manu
665 2741 774 2797 fnit
799 2742 1013 2798 fortior.
1056 2742 1316 2797 Mnemon
1342 2746 1527 2796 autem
1554 2742 1800 2796 iustitiae

77 2811 230 2871 fimi}
248 2811 456 2870 floruit.
485 2831 758 2873 mcum
784 2819 979 2874 matris
1006 2838 1136 2873 suae
1155 2818 1358 2872 scelere
1377 2818 1657 2872 amisisset
1674 2837 1799 2871 uxo·

77 2906 213 2962 rem,
244 2892 463 2946 hubam
493 2889 728 2948 indulsit
748 2892 945 2965 dolori,
976 2899 1040 2949 ut
1063 2913 1186 2948 eum
1214 2894 1392 2965 pietas
1420 2895 1676 2948 vinceret.
1736 2911 1797 2945 ex
1834 2908 1859 2945 3

74 2962 167 3022 hi·
197 2963 307 3022 duo
333 2964 527 3022 eodem
558 2966 781 3023 nomine
810 2970 1006 3025 morbo
1032 2974 1262 3024 naturae
1287 2969 1534 3024 debitum
1563 2968 1652 3022 red
1658 2967 1799 3020 lido-

75 3043 225 3115 ΜΕ,
248 3041 450 3098 tertius
467 3041 538 3096 ab
554 3041 840 3099 Artabano
857 3046 1137 3117 praefecto
1158 3044 1303 3100 ferro
1321 3045 1686 3115 interemptus
1700 3046 1800 3095 est.
