2164 3358
592 148 759 195 xxm.
792 146 1129 195 HANNIBAL.
1179 152 1219 191 -ι,
1254 151 1295 192 s.
1752 147 1823 201 93

85 294 193 349 que
232 273 465 331 fratrem
507 280 625 329 eius
666 273 980 347 Magonem.
1060 271 1167 326 hoc
1217 289 1484 342 responso
1528 270 1826 342 Karthagi-
1859 285 1887 325 4

83 352 307 409 nienses
349 352 578 426 cognito
620 349 996 406 Hannibalem
1039 348 1265 402 domum
1308 352 1365 402 et
1405 346 1705 420 Magonem
1748 367 1826 401 re-

85 432 371 486 vocarunt.
451 428 560 484 huc
607 433 672 483 ut
721 427 908 496 rediit,
965 444 1060 478 rex
1118 424 1301 478 factus
1359 430 1468 495 est,
1525 429 1824 496 postquam

86 506 395 578 imperator
435 504 634 576 fuerat,
675 522 819 558 anno
861 501 1102 557 secundo
1145 505 1201 555 et
1242 501 1535 555 vicesimo:
1576 505 1639 555 ut
1680 501 1826 554 enim

86 581 300 639 Romae
342 581 616 651 consules,
657 581 737 635 sic
771 578 1121 650 Karthagine
1157 578 1457 648 quotannis
1500 578 1666 631 annui
1710 577 1828 631 bini

87 677 249 733 reges
291 659 640 714 creabantur.
701 656 759 710 in
793 674 857 710 eo
899 655 1237 727 magistratu
1279 655 1400 724 pari
1443 654 1736 726 diligentia
1770 672 1826 707 se
1863 666 1887 704 5

87 735 373 792 Hannibal
412 733 688 807 praebuit,
728 751 792 788 ac
832 730 1016 786 fuerat
1057 731 1114 785 in
1148 731 1311 784 bello.
1373 750 1611 801 namque
1646 730 1829 785 effecit

88 832 156 869 ex
187 812 349 868 novis
381 809 752 883 vectigalibus
784 827 897 863 non
931 808 1113 862 solum
1138 811 1202 861 ut
1229 811 1379 861 esset
1403 808 1652 878 pecunia,
1689 826 1826 878 quae

89 887 360 945 Romanis
399 905 466 942 ex
505 886 726 942 foedere
766 885 1116 957 penderetur,
1157 884 1252 938 sed
1293 884 1465 938 etiam
1500 888 1830 955 superesset,

90 983 230 1038 quae
269 965 329 1019 in
368 964 583 1019 aerario
618 966 995 1034 reponeretur.
1056 960 1251 1015 deinde
1296 962 1463 1027 [anno
1504 964 1637 1031 post
1676 980 1828 1032 prae·
1863 973 1889 1012 6

89 1042 299 1110 turam]
341 1039 417 1095 M.
458 1039 692 1097 Claudio
735 1038 795 1093 L.
837 1038 1008 1093 Furio
1058 1037 1379 1092 consulibus
1422 1037 1602 1091 Roma
1656 1037 1829 1110 legati

89 1117 501 1191 Karthaginem
552 1120 834 1171 venerunt.
913 1115 1015 1169 hos
1067 1113 1348 1168 Hannibal
1404 1119 1558 1168 ratus
1610 1114 1694 1167 sui
1745 1133 1831 1167 ex-

89 1194 354 1268 poscendi
388 1194 574 1267 gratia
607 1193 826 1262 missos,
866 1192 1190 1263 priusquam
1226 1191 1293 1245 iis
1329 1195 1555 1245 senatus
1591 1191 1831 1260 daretur,

89 1291 290 1328 navem
330 1270 581 1326 ascendit
622 1270 765 1324 clam
807 1273 974 1339 atque
1016 1269 1073 1322 in
1116 1266 1334 1338 Syriam
1377 1268 1443 1321 ad
1488 1267 1829 1321 Antiochum

91 1348 357 1422 perfugit.
414 1347 521 1402 hac
561 1365 620 1400 re
662 1346 847 1417 palam
889 1345 1038 1400 facta
1071 1343 1241 1398 Poeni
1285 1363 1452 1398 naves
1495 1344 1646 1413 duas,
1689 1362 1829 1413 quae
1865 1355 1889 1395 7

92 1444 220 1481 eum
261 1422 808 1496 comprehenderent,
849 1422 893 1476 si
937 1425 1168 1492 possent
1210 1421 1502 1491 consequi,
1544 1421 1831 1491 miserunt,

91 1502 242 1558 bona
288 1502 408 1557 eius
456 1500 836 1573 publicarunt,
890 1498 1113 1552 domum
1164 1516 1197 1550 a
1245 1497 1621 1551 fundamentis
1672 1497 1831 1550 disie-

93 1582 304 1650 cerunt,
343 1578 527 1650 ipsum
567 1577 784 1630 exulem
826 1575 1156 1629 iudicarunt.

244 1654 326 1710 At
363 1652 647 1709 Hannibal
689 1670 833 1707 anno
877 1655 1100 1722 quarto,
1153 1654 1453 1721 postquam
1502 1650 1667 1704 domo
1709 1668 1831 1720 pro·
1866 1650 1896 1704 8

92 1730 331 1806 fugerat,
371 1729 432 1785 L.
458 1729 717 1786 Cornelio
753 1728 815 1793 Q.
842 1726 1087 1782 Minucio
1130 1727 1468 1797 consulibua,
1510 1745 1635 1781 cum
1678 1727 1832 1797 quin·

95 1827 202 1880 que
240 1807 477 1864 nav-ibus
503 1805 755 1862 Africam
797 1805 1034 1860 accessit
1074 1806 1131 1858 in
1173 1804 1377 1857 finibus
1404 1802 1832 1873 Cyrenaeorum,

96 1885 145 1941 si
191 1883 338 1940 forte
386 1883 886 1955 Karthaginienses
937 1882 1003 1935 ad
1058 1880 1267 1935 bellum
1324 1880 1582 1934 inducere
1638 1884 1833 1951 posset

96 1961 364 2017 Antiochi
404 1980 502 2034 spe
541 1960 867 2030 fiduciaque,
924 1958 1011 2013 cui
1053 1958 1164 2011 iam
1206 1961 1561 2028 persuaserat
1601 1960 1665 2010 ut
1706 1975 1830 2011 cum

96 2038 432 2094 exercitibus
471 2037 530 2092 in
571 2035 797 2091 Italiam
850 2035 1311 2106 proficisceretur.
1382 2032 1491 2088 huc
1533 2032 1830 2104 Magonem

95 2114 329 2171 fratrem
369 2114 587 2169 excivit.
665 2113 721 2167 id
762 2112 857 2167 ubi
901 2111 1073 2166 Poeni
1115 2110 1479 2180 resciverunt,
1533 2108 1830 2181 Magonem
1865 2122 1891 2162 2

96 2192 313 2261 eadem,
354 2210 464 2263 qua
502 2189 758 2259 fratrem,
799 2189 1088 2243 absentem
1130 2187 1433 2242 affecerunt
1473 2205 1666 2257 poena.
1747 2185 1829 2238 illi

97 2268 403 2342 desperatis
452 2267 617 2321 rebus
658 2285 782 2322 cum
837 2265 1136 2320 solvissent
1175 2283 1343 2318 naves
1385 2282 1445 2317 ac
1489 2263 1607 2315 vela
1650 2261 1829 2315 ventis

98 2344 404 2415 dedissent,
445 2343 728 2399 Hannibal
771 2343 838 2397 ad
879 2341 1221 2397 Antiochum
1263 2340 1529 2412 pervenit.
1611 2339 1675 2391 dc
1718 2337 1831 2391 Ma-

99 2421 261 2494 gonis
306 2422 538 2477 interitu
588 2420 787 2491 duplex
838 2419 1106 2473 memoria
1157 2418 1378 2488 prodita
1419 2421 1526 2468 est:
1591 2433 1830 2484 namque

99 2496 195 2552 alii
239 2497 558 2571 naufragio,
606 2497 701 2550 alii
743 2516 775 2550 a
816 2496 1049 2551 servulis
1091 2495 1265 2565 ipsius
1309 2492 1662 2546 intersectum
1705 2510 1829 2545 eum

100 2573 371 2646 scriptum
410 2573 769 2645 reliquerunt.
834 2572 1146 2627 Antiochus
1189 2575 1374 2623 autem
1418 2569 1464 2621 si
1500 2573 1615 2621 tam
1652 2568 1706 2621 in
1742 2585 1829 2639 ge·
1864 2581 1889 2619 3

99 2649 269 2706 tendo
315 2649 463 2706 bello
510 2650 758 2705 consiliis
808 2650 925 2704 eius
974 2667 1166 2720 parere
1217 2646 1506 2715 voluisset,
1557 2663 1721 2715 quam
1775 2645 1827 2696 in

98 2725 450 2797 suscipiendo
489 2726 831 2797 instituerat,
873 2726 1099 2796 propius
1133 2723 1321 2776 Tiberi
1364 2740 1529 2791 quam
1572 2723 1627 2774 in
1663 2720 1828 2773 Ther·

98 2802 340 2875 mopylis
395 2801 463 2857 de
518 2820 735 2857 summa
790 2802 1009 2873 imperii
1071 2800 1404 2853 dimicasset.
1502 2816 1665 2868 quem
1723 2797 1825 2850 etsi

98 2879 276 2936 multa
317 2877 489 2932 stulte
528 2879 720 2933 conari
758 2878 1005 2947 videbat,
1058 2881 1244 2930 tamen
1295 2874 1448 2929 nulla
1488 2874 1731 2928 deseruit
1774 2873 1825 2924 in

96 2974 171 3012 re.
233 2953 479 3028 praefuit
508 2954 699 3025 paucis
730 2955 984 3025 navibus,
1025 2972 1161 3024 quas
1196 2971 1259 3006 ex
1296 2950 1458 3022 Syria
1492 2951 1674 3004 iussus
1710 2952 1828 3001 erat
1862 2960 1887 2999 4

95 3032 155 3089 in
193 3031 390 3088 Asiam
431 3029 644 3100 ducere,
685 3029 861 3101 iisque
903 3031 1165 3085 adversus
1209 3027 1552 3082 Rhodiorum
1596 3026 1827 3079 classem
