<?xml version="1.0" encoding="UTF-8"?>
<!DOCTYPE html PUBLIC "-//W3C//DTD XHTML 1.0 Transitional//EN"
    "http://www.w3.org/TR/xhtml1/DTD/xhtml1-transitional.dtd">
<html xmlns="http://www.w3.org/1999/xhtml" xml:lang="en" lang="en">
 <head>
  <title>
</title>
<meta http-equiv="Content-Type" content="text/html;charset=utf-8" />
  <meta name='ocr-system' content='tesseract 3.04.00' />
  <meta name='ocr-capabilities' content='ocr_page ocr_carea ocr_par ocr_line ocrx_word'/>
</head>
<body>
  <div class='ocr_page' id='page_1' title='image "./vitaenep00nepouoft_0031.png"; bbox 0 0 2164 3358; ppageno 0'>
   <div class='ocr_carea' id='block_1_1' title="bbox 749 139 1898 210">
    <p class='ocr_par' dir='ltr' id='par_1_1' title="bbox 749 139 1898 210">
     <span class='ocr_line' id='line_1_1' title="bbox 749 139 1898 210; baseline 0.013 -25"><span class='ocrx_word' id='word_1_1' title='bbox 749 139 826 186; x_wconf 81' lang='lat' dir='ltr'><strong>IV.</strong></span> <span class='ocrx_word' id='word_1_2' title='bbox 862 141 1224 193; x_wconf 74' lang='lat' dir='ltr'>PAUSANIAS.</span> <span class='ocrx_word' id='word_1_3' title='bbox 1276 151 1317 193; x_wconf 77' lang='lat'><strong>⁶.</strong></span> <span class='ocrx_word' id='word_1_4' title='bbox 1830 156 1898 210; x_wconf 89' lang='grc'><strong>19</strong></span> 
     </span>
    </p>
   </div>
   <div class='ocr_carea' id='block_1_2' title="bbox 44 256 1954 789">
    <p class='ocr_par' dir='ltr' id='par_1_2' title="bbox 155 256 1954 414">
     <span class='ocr_line' id='line_1_2' title="bbox 155 256 1894 347; baseline 0.012 -34"><span class='ocrx_word' id='word_1_5' title='bbox 155 256 257 315; x_wconf 68' lang='lat' dir='ltr'><strong>vit.</strong></span> <span class='ocrx_word' id='word_1_6' title='bbox 318 259 401 315; x_wconf 82' lang='lat' dir='ltr'><strong>sie</strong></span> <span class='ocrx_word' id='word_1_7' title='bbox 435 259 741 319; x_wconf 82' lang='lat' dir='ltr'><strong>Pausanias</strong></span> <span class='ocrx_word' id='word_1_8' title='bbox 775 284 1034 339; x_wconf 82' lang='lat' dir='ltr'><strong>magnam</strong></span> <span class='ocrx_word' id='word_1_9' title='bbox 1068 267 1199 322; x_wconf 90' lang='lat' dir='ltr'><strong>belli</strong></span> <span class='ocrx_word' id='word_1_10' title='bbox 1242 270 1478 343; x_wconf 82' lang='lat' dir='ltr'><strong>gloriam</strong></span> <span class='ocrx_word' id='word_1_11' title='bbox 1523 277 1674 347; x_wconf 80' lang='lat' dir='ltr'><strong>turpi</strong></span> <span class='ocrx_word' id='word_1_12' title='bbox 1717 285 1894 335; x_wconf 90' lang='lat' dir='ltr'><strong>morte</strong></span> 
     </span>
     <span class='ocr_line' id='line_1_3' title="bbox 156 335 1954 414; baseline 0.012 -25"><span class='ocrx_word' id='word_1_13' title='bbox 156 335 473 391; x_wconf 79' lang='lat' dir='ltr'><strong>maculavit.</strong></span> <span class='ocrx_word' id='word_1_14' title='bbox 552 340 709 395; x_wconf 86' lang='lat' dir='ltr'><strong>cuius</strong></span> <span class='ocrx_word' id='word_1_15' title='bbox 751 342 956 396; x_wconf 87' lang='lat' dir='ltr'><strong>mortui</strong></span> <span class='ocrx_word' id='word_1_16' title='bbox 997 361 1198 414; x_wconf 89' lang='lat' dir='ltr'><strong>corpus</strong></span> <span class='ocrx_word' id='word_1_17' title='bbox 1241 365 1365 402; x_wconf 90' lang='lat' dir='ltr'><strong>cum</strong></span> <span class='ocrx_word' id='word_1_18' title='bbox 1408 350 1600 405; x_wconf 90' lang='lat' dir='ltr'><strong>eodem</strong></span> <span class='ocrx_word' id='word_1_19' title='bbox 1641 356 1892 410; x_wconf 87' lang='lat' dir='ltr'>nonnulli</span> <span class='ocrx_word' id='word_1_20' title='bbox 1928 368 1954 410; x_wconf 80' lang='grc'>6</span> 
     </span>
    </p>

    <p class='ocr_par' dir='ltr' id='par_1_3' title="bbox 44 408 1892 789">
     <span class='ocr_line' id='line_1_4' title="bbox 44 408 1892 500; baseline 0.011 -35"><span class='ocrx_word' id='word_1_21' title='bbox 44 425 59 438; x_wconf 88' lang='grc'><em>·</em></span> <span class='ocrx_word' id='word_1_22' title='bbox 153 408 404 467; x_wconf 79' lang='lat' dir='ltr'><strong>dicerent</strong></span> <span class='ocrx_word' id='word_1_23' title='bbox 461 413 653 471; x_wconf 77' lang='lat' dir='ltr'><strong>inferri</strong></span> <span class='ocrx_word' id='word_1_24' title='bbox 704 421 985 489; x_wconf 89' lang='lat' dir='ltr'><strong>oportere,</strong></span> <span class='ocrx_word' id='word_1_25' title='bbox 1041 438 1152 490; x_wconf 91' lang='lat' dir='ltr'><strong>quo</strong></span> <span class='ocrx_word' id='word_1_26' title='bbox 1206 422 1242 475; x_wconf 91' lang='lat' dir='ltr'><strong>ii</strong></span> <span class='ocrx_word' id='word_1_27' title='bbox 1295 425 1387 494; x_wconf 90' lang='lat' dir='ltr'><strong>qui</strong></span> <span class='ocrx_word' id='word_1_28' title='bbox 1439 427 1506 481; x_wconf 90' lang='lat' dir='ltr'><strong>ad</strong></span> <span class='ocrx_word' id='word_1_29' title='bbox 1557 429 1892 500; x_wconf 90' lang='lat' dir='ltr'><strong>supplicium</strong></span> 
     </span>
     <span class='ocr_line' id='line_1_5' title="bbox 153 488 1892 571; baseline 0.012 -29"><span class='ocrx_word' id='word_1_30' title='bbox 153 493 344 543; x_wconf 74' lang='lat' dir='ltr'><strong>essent</strong></span> <span class='ocrx_word' id='word_1_31' title='bbox 382 488 524 563; x_wconf 88' lang='lat' dir='ltr'><strong>dati,</strong></span> <span class='ocrx_word' id='word_1_32' title='bbox 570 491 858 564; x_wconf 71' lang='lat' dir='ltr'><strong>displicuit</strong></span> <span class='ocrx_word' id='word_1_33' title='bbox 897 493 1176 565; x_wconf 89' lang='lat' dir='ltr'><strong>pluribus,</strong></span> <span class='ocrx_word' id='word_1_34' title='bbox 1216 502 1273 552; x_wconf 93' lang='lat' dir='ltr'><strong>et</strong></span> <span class='ocrx_word' id='word_1_35' title='bbox 1313 502 1505 571; x_wconf 91' lang='lat' dir='ltr'><strong>procul</strong></span> <span class='ocrx_word' id='word_1_36' title='bbox 1550 504 1619 557; x_wconf 88' lang='lat' dir='ltr'><strong>ab</strong></span> <span class='ocrx_word' id='word_1_37' title='bbox 1662 524 1726 560; x_wconf 93' lang='lat' dir='ltr'><strong>eo</strong></span> <span class='ocrx_word' id='word_1_38' title='bbox 1770 507 1892 563; x_wconf 89' lang='lat' dir='ltr'><strong>loco</strong></span> 
     </span>
     <span class='ocr_line' id='line_1_6' title="bbox 151 561 1889 647; baseline 0.012 -29"><span class='ocrx_word' id='word_1_39' title='bbox 151 561 490 637; x_wconf 77' lang='lat' dir='ltr'>infoderunt,</span> <span class='ocrx_word' id='word_1_40' title='bbox 529 584 640 639; x_wconf 86' lang='lat' dir='ltr'><strong>quo</strong></span> <span class='ocrx_word' id='word_1_41' title='bbox 679 571 801 623; x_wconf 87' lang='lat' dir='ltr'><strong>erat</strong></span> <span class='ocrx_word' id='word_1_42' title='bbox 841 575 1111 625; x_wconf 89' lang='lat' dir='ltr'><strong>mortuus.</strong></span> <span class='ocrx_word' id='word_1_43' title='bbox 1155 572 1279 628; x_wconf 90' lang='lat' dir='ltr'><strong>inde</strong></span> <span class='ocrx_word' id='word_1_44' title='bbox 1321 579 1602 647; x_wconf 88' lang='lat' dir='ltr'><strong>posterius</strong></span> <span class='ocrx_word' id='word_1_45' title='bbox 1642 582 1726 637; x_wconf 79' lang='lat' dir='ltr'><strong>dei</strong></span> <span class='ocrx_word' id='word_1_46' title='bbox 1767 582 1889 638; x_wconf 93' lang='lat' dir='ltr'><strong>Del-</strong></span> 
     </span>
     <span class='ocr_line' id='line_1_7' title="bbox 149 638 1889 731; baseline 0.013 -37"><span class='ocrx_word' id='word_1_47' title='bbox 149 638 302 713; x_wconf 85' lang='lat' dir='ltr'><strong>phici</strong></span> <span class='ocrx_word' id='word_1_48' title='bbox 344 659 611 714; x_wconf 82' lang='lat' dir='ltr'><strong>responso</strong></span> <span class='ocrx_word' id='word_1_49' title='bbox 652 647 844 698; x_wconf 87' lang='lat' dir='ltr'><strong>erutus</strong></span> <span class='ocrx_word' id='word_1_50' title='bbox 886 649 1054 717; x_wconf 87' lang='lat' dir='ltr'><strong>atque</strong></span> <span class='ocrx_word' id='word_1_51' title='bbox 1095 650 1289 705; x_wconf 91' lang='lat' dir='ltr'><strong>eodem</strong></span> <span class='ocrx_word' id='word_1_52' title='bbox 1343 653 1464 709; x_wconf 92' lang='lat' dir='ltr'><strong>loco</strong></span> <span class='ocrx_word' id='word_1_53' title='bbox 1508 657 1760 727; x_wconf 86' lang='lat' dir='ltr'><strong>sepultus</strong></span> <span class='ocrx_word' id='word_1_54' title='bbox 1801 664 1889 731; x_wconf 78' lang='lat' dir='ltr'><strong>est,</strong></span> 
     </span>
     <span class='ocr_line' id='line_1_8' title="bbox 150 715 780 789; baseline 0.006 -18"><span class='ocrx_word' id='word_1_55' title='bbox 150 715 247 771; x_wconf 86' lang='lat' dir='ltr'><strong>ubi</strong></span> <span class='ocrx_word' id='word_1_56' title='bbox 286 716 463 773; x_wconf 77' lang='lat' dir='ltr'><strong>vitam</strong></span> <span class='ocrx_word' id='word_1_57' title='bbox 498 724 780 789; x_wconf 80' lang='lat' dir='ltr'><strong>posuerat.</strong></span> 
     </span>
    </p>
   </div>
   <div class='ocr_carea' id='block_1_3' title="bbox 838 876 1196 884">
    <p class='ocr_par' dir='ltr' id='par_1_4' title="bbox 838 876 1196 884">
     <span class='ocr_line' id='line_1_9' title="bbox 838 876 1196 884; baseline 0 2474"><span class='ocrx_word' id='word_1_58' title='bbox 838 876 1196 884; x_wconf 95' lang='lat' dir='ltr'><strong> </strong></span> 
     </span>
    </p>
   </div>
   <div class='ocr_carea' id='block_1_4' title="bbox 815 981 1212 1048">
    <p class='ocr_par' dir='ltr' id='par_1_5' title="bbox 815 981 1212 1048">
     <span class='ocr_line' id='line_1_10' title="bbox 815 981 1212 1048; baseline 0.01 -5"><span class='ocrx_word' id='word_1_59' title='bbox 815 981 887 1044; x_wconf 87' lang='lat' dir='ltr'><strong>V.</strong></span> <span class='ocrx_word' id='word_1_60' title='bbox 937 984 1212 1048; x_wconf 87' lang='lat' dir='ltr'>CIMON.</span> 
     </span>
    </p>
   </div>
   <div class='ocr_carea' id='block_1_5' title="bbox 0 1092 1944 3090">
    <p class='ocr_par' dir='ltr' id='par_1_6' title="bbox 0 1092 1944 2470">
     <span class='ocr_line' id='line_1_11' title="bbox 6 1092 1944 1178; baseline 0.013 -29"><span class='ocrx_word' id='word_1_61' title='bbox 6 1144 10 1150; x_wconf 90' lang='lat'>.</span> <span class='ocrx_word' id='word_1_62' title='bbox 293 1092 509 1168; x_wconf 83' lang='lat' dir='ltr'>Cimon,</span> <span class='ocrx_word' id='word_1_63' title='bbox 533 1095 805 1155; x_wconf 76' lang='lat' dir='ltr'><strong>Miltiadis</strong></span> <span class='ocrx_word' id='word_1_64' title='bbox 832 1102 995 1173; x_wconf 84' lang='lat' dir='ltr'><strong>filius,</strong></span> <span class='ocrx_word' id='word_1_65' title='bbox 1014 1105 1392 1178; x_wconf 76' lang='lat' dir='ltr'><strong>Atheniensis,</strong></span> <span class='ocrx_word' id='word_1_66' title='bbox 1417 1109 1556 1166; x_wconf 87' lang='lat' dir='ltr'><strong>duro</strong></span> <span class='ocrx_word' id='word_1_67' title='bbox 1581 1113 1879 1173; x_wconf 87' lang='lat' dir='ltr'><strong>admodum</strong></span> <span class='ocrx_word' id='word_1_68' title='bbox 1917 1117 1944 1172; x_wconf 93' lang='grc'>1</span> 
     </span>
     <span class='ocr_line' id='line_1_12' title="bbox 0 1162 1877 1260; baseline 0.013 -36"><span class='ocrx_word' id='word_1_69' title='bbox 0 1162 25 1237; x_wconf 64' lang='lat'><strong>¹}</strong></span> <span class='ocrx_word' id='word_1_70' title='bbox 139 1169 305 1228; x_wconf 85' lang='lat' dir='ltr'><strong>initio</strong></span> <span class='ocrx_word' id='word_1_71' title='bbox 356 1191 492 1229; x_wconf 83' lang='lat' dir='ltr'><strong>usus</strong></span> <span class='ocrx_word' id='word_1_72' title='bbox 543 1179 631 1229; x_wconf 84' lang='lat' dir='ltr'><strong>est</strong></span> <span class='ocrx_word' id='word_1_73' title='bbox 683 1177 1104 1235; x_wconf 74' lang='lat' dir='ltr'><strong>adulescentiae.</strong></span> <span class='ocrx_word' id='word_1_74' title='bbox 1184 1202 1312 1237; x_wconf 88' lang='lat' dir='ltr'><strong>nam</strong></span> <span class='ocrx_word' id='word_1_75' title='bbox 1362 1205 1487 1241; x_wconf 91' lang='lat' dir='ltr'><strong>eum</strong></span> <span class='ocrx_word' id='word_1_76' title='bbox 1545 1194 1705 1260; x_wconf 87' lang='lat' dir='ltr'><strong>pater</strong></span> <span class='ocrx_word' id='word_1_77' title='bbox 1761 1195 1877 1248; x_wconf 91' lang='lat' dir='ltr'><strong>eius</strong></span> 
     </span>
     <span class='ocr_line' id='line_1_13' title="bbox 0 1238 1875 1334; baseline 0.013 -34"><span class='ocrx_word' id='word_1_78' title='bbox 0 1238 18 1318; x_wconf 63' lang='grc' dir='ltr'><strong><em>ζ</em></strong></span> <span class='ocrx_word' id='word_1_79' title='bbox 138 1244 298 1303; x_wconf 78' lang='lat' dir='ltr'><strong>litem</strong></span> <span class='ocrx_word' id='word_1_80' title='bbox 354 1251 710 1307; x_wconf 71' lang='lat' dir='ltr'><strong>aestimatam</strong></span> <span class='ocrx_word' id='word_1_81' title='bbox 767 1256 973 1326; x_wconf 92' lang='lat' dir='ltr'><strong>populo</strong></span> <span class='ocrx_word' id='word_1_82' title='bbox 1032 1258 1245 1313; x_wconf 81' lang='lat' dir='ltr'><strong>solvere</strong></span> <span class='ocrx_word' id='word_1_83' title='bbox 1302 1279 1413 1316; x_wconf 91' lang='lat' dir='ltr'><strong>non</strong></span> <span class='ocrx_word' id='word_1_84' title='bbox 1470 1267 1749 1334; x_wconf 89' lang='lat' dir='ltr'><strong>potuisset</strong></span> <span class='ocrx_word' id='word_1_85' title='bbox 1805 1271 1875 1324; x_wconf 89' lang='lat' dir='ltr'><strong>ob</strong></span> 
     </span>
     <span class='ocr_line' id='line_1_14' title="bbox 137 1329 1873 1410; baseline 0.013 -32"><span class='ocrx_word' id='word_1_86' title='bbox 137 1339 373 1397; x_wconf 78' lang='lat' dir='ltr'><strong>eamque</strong></span> <span class='ocrx_word' id='word_1_87' title='bbox 404 1344 630 1382; x_wconf 82' lang='lat' dir='ltr'><strong>causam</strong></span> <span class='ocrx_word' id='word_1_88' title='bbox 671 1329 728 1384; x_wconf 93' lang='lat' dir='ltr'><strong>in</strong></span> <span class='ocrx_word' id='word_1_89' title='bbox 770 1331 965 1386; x_wconf 81' lang='lat' dir='ltr'><strong>vinclis</strong></span> <span class='ocrx_word' id='word_1_90' title='bbox 1009 1334 1246 1403; x_wconf 90' lang='lat' dir='ltr'><strong>publicis</strong></span> <span class='ocrx_word' id='word_1_91' title='bbox 1288 1337 1635 1410; x_wconf 89' lang='lat' dir='ltr'><strong>decessisset,</strong></span> <span class='ocrx_word' id='word_1_92' title='bbox 1676 1343 1873 1401; x_wconf 89' lang='lat' dir='ltr'><strong>Cimon</strong></span> 
     </span>
     <span class='ocr_line' id='line_1_15' title="bbox 137 1399 1872 1484; baseline 0.013 -30"><span class='ocrx_word' id='word_1_93' title='bbox 137 1399 329 1456; x_wconf 77' lang='lat' dir='ltr'><strong>eadem</strong></span> <span class='ocrx_word' id='word_1_94' title='bbox 362 1403 618 1458; x_wconf 86' lang='lat' dir='ltr'><strong>custodia</strong></span> <span class='ocrx_word' id='word_1_95' title='bbox 658 1407 955 1461; x_wconf 87' lang='lat' dir='ltr'><strong>tenebatur</strong></span> <span class='ocrx_word' id='word_1_96' title='bbox 986 1428 1164 1480; x_wconf 90' lang='lat' dir='ltr'><strong>neque</strong></span> <span class='ocrx_word' id='word_1_97' title='bbox 1199 1412 1417 1484; x_wconf 84' lang='lat' dir='ltr'><strong>legibus</strong></span> <span class='ocrx_word' id='word_1_98' title='bbox 1444 1416 1872 1477; x_wconf 86' lang='lat' dir='ltr'><strong>Atheniensium</strong></span> 
     </span>
     <span class='ocr_line' id='line_1_16' title="bbox 135 1475 1871 1570; baseline 0.013 -39"><span class='ocrx_word' id='word_1_99' title='bbox 135 1475 319 1532; x_wconf 82' lang='lat' dir='ltr'><strong>emitti</strong></span> <span class='ocrx_word' id='word_1_100' title='bbox 352 1481 591 1551; x_wconf 77' lang='lat' dir='ltr'><strong>poterat,</strong></span> <span class='ocrx_word' id='word_1_101' title='bbox 622 1481 730 1536; x_wconf 85' lang='lat' dir='ltr'><strong>nisi</strong></span> <span class='ocrx_word' id='word_1_102' title='bbox 766 1485 1073 1555; x_wconf 89' lang='lat' dir='ltr'><strong>pecuniam,</strong></span> <span class='ocrx_word' id='word_1_103' title='bbox 1108 1506 1216 1557; x_wconf 91' lang='lat' dir='ltr'><strong>qua</strong></span> <span class='ocrx_word' id='word_1_104' title='bbox 1249 1494 1409 1558; x_wconf 86' lang='lat' dir='ltr'><strong>pater</strong></span> <span class='ocrx_word' id='word_1_105' title='bbox 1434 1494 1706 1550; x_wconf 84' lang='lat' dir='ltr'><strong>multatus</strong></span> <span class='ocrx_word' id='word_1_106' title='bbox 1737 1503 1871 1570; x_wconf 85' lang='lat' dir='ltr'><strong>erat,</strong></span> 
     </span>
     <span class='ocr_line' id='line_1_17' title="bbox 134 1551 1931 1646; baseline 0.013 -39"><span class='ocrx_word' id='word_1_107' title='bbox 134 1551 413 1610; x_wconf 75' lang='lat' dir='ltr'><strong>solvisset.</strong></span> <span class='ocrx_word' id='word_1_108' title='bbox 475 1554 721 1612; x_wconf 84' lang='lat' dir='ltr'><strong>habebat</strong></span> <span class='ocrx_word' id='word_1_109' title='bbox 760 1565 945 1614; x_wconf 87' lang='lat' dir='ltr'><strong>autem</strong></span> <span class='ocrx_word' id='word_1_110' title='bbox 988 1562 1042 1615; x_wconf 91' lang='lat' dir='ltr'><strong>in</strong></span> <span class='ocrx_word' id='word_1_111' title='bbox 1081 1565 1436 1621; x_wconf 84' lang='lat' dir='ltr'><strong>matrimonio</strong></span> <span class='ocrx_word' id='word_1_112' title='bbox 1471 1588 1720 1626; x_wconf 90' lang='lat' dir='ltr'><strong>sororem</strong></span> <span class='ocrx_word' id='word_1_113' title='bbox 1755 1594 1871 1646; x_wconf 85' lang='lat' dir='ltr'><strong>ger·</strong></span> <span class='ocrx_word' id='word_1_114' title='bbox 1905 1591 1931 1629; x_wconf 73' lang='lat'><strong>2</strong></span> 
     </span>
     <span class='ocr_line' id='line_1_18' title="bbox 133 1636 1869 1718; baseline 0.013 -35"><span class='ocrx_word' id='word_1_115' title='bbox 133 1645 356 1685; x_wconf 84' lang='lat' dir='ltr'><strong>manam</strong></span> <span class='ocrx_word' id='word_1_116' title='bbox 404 1648 587 1703; x_wconf 84' lang='lat' dir='ltr'><strong>suam,</strong></span> <span class='ocrx_word' id='word_1_117' title='bbox 638 1636 862 1690; x_wconf 89' lang='lat' dir='ltr'><strong>nomine</strong></span> <span class='ocrx_word' id='word_1_118' title='bbox 911 1636 1228 1709; x_wconf 87' lang='lat' dir='ltr'><strong>Elpinicen,</strong></span> <span class='ocrx_word' id='word_1_119' title='bbox 1285 1661 1394 1697; x_wconf 91' lang='lat' dir='ltr'><strong>non</strong></span> <span class='ocrx_word' id='word_1_120' title='bbox 1453 1648 1629 1718; x_wconf 83' lang='lat' dir='ltr'><strong>magis</strong></span> <span class='ocrx_word' id='word_1_121' title='bbox 1681 1669 1869 1707; x_wconf 88' lang='lat' dir='ltr'><strong>amore</strong></span> 
     </span>
     <span class='ocr_line' id='line_1_19' title="bbox 131 1708 1867 1785; baseline 0.013 -25"><span class='ocrx_word' id='word_1_122' title='bbox 131 1721 300 1778; x_wconf 84' lang='lat' dir='ltr'><strong>quam</strong></span> <span class='ocrx_word' id='word_1_123' title='bbox 333 1724 487 1762; x_wconf 86' lang='lat' dir='ltr'><strong>more</strong></span> <span class='ocrx_word' id='word_1_124' title='bbox 510 1708 735 1765; x_wconf 85' lang='lat' dir='ltr'><strong>ductus:</strong></span> <span class='ocrx_word' id='word_1_125' title='bbox 776 1731 1014 1785; x_wconf 88' lang='lat' dir='ltr'><strong>namque</strong></span> <span class='ocrx_word' id='word_1_126' title='bbox 1043 1716 1480 1775; x_wconf 80' lang='lat' dir='ltr'><strong>Atheniensibus</strong></span> <span class='ocrx_word' id='word_1_127' title='bbox 1518 1723 1649 1778; x_wconf 91' lang='lat' dir='ltr'><strong>licet</strong></span> <span class='ocrx_word' id='word_1_128' title='bbox 1674 1728 1867 1782; x_wconf 88' lang='lat' dir='ltr'><strong>eodem</strong></span> 
     </span>
     <span class='ocr_line' id='line_1_20' title="bbox 129 1784 1924 1914; baseline 0.013 -79"><span class='ocrx_word' id='word_1_129' title='bbox 129 1784 507 1914; x_wconf 49' lang='lat' dir='ltr'><strong>muz-annu</strong></span> <span class='ocrx_word' id='word_1_130' title='bbox 565 1805 764 1842; x_wconf 86' lang='lat' dir='ltr'><strong>uxores</strong></span> <span class='ocrx_word' id='word_1_131' title='bbox 820 1789 1034 1845; x_wconf 86' lang='lat' dir='ltr'><strong>ducere.</strong></span> <span class='ocrx_word' id='word_1_132' title='bbox 1114 1792 1278 1848; x_wconf 88' lang='lat' dir='ltr'><strong>huius</strong></span> <span class='ocrx_word' id='word_1_133' title='bbox 1332 1798 1575 1871; x_wconf 84' lang='lat' dir='ltr'><strong>coniugii</strong></span> <span class='ocrx_word' id='word_1_134' title='bbox 1634 1803 1864 1873; x_wconf 89' lang='lat' dir='ltr'><strong>cupidus</strong></span> <span class='ocrx_word' id='word_1_135' title='bbox 1899 1822 1924 1858; x_wconf 80' lang='lat'>3</span> 
     </span>
     <span class='ocr_line' id='line_1_21' title="bbox 259 1857 1864 1951; baseline 0.014 -38"><span class='ocrx_word' id='word_1_136' title='bbox 259 1857 272 1870; x_wconf 82' lang='lat'><strong><em>&#39;</em></strong></span> <span class='ocrx_word' id='word_1_137' title='bbox 380 1861 622 1933; x_wconf 87' lang='lat' dir='ltr'><strong>quidam,</strong></span> <span class='ocrx_word' id='word_1_138' title='bbox 660 1881 772 1918; x_wconf 89' lang='lat' dir='ltr'><strong>non</strong></span> <span class='ocrx_word' id='word_1_139' title='bbox 814 1870 928 1920; x_wconf 88' lang='lat' dir='ltr'><strong>tam</strong></span> <span class='ocrx_word' id='word_1_140' title='bbox 971 1885 1272 1939; x_wconf 84' lang='lat' dir='ltr'><strong>generosus</strong></span> <span class='ocrx_word' id='word_1_141' title='bbox 1315 1891 1481 1943; x_wconf 89' lang='lat' dir='ltr'><strong>quam</strong></span> <span class='ocrx_word' id='word_1_142' title='bbox 1515 1879 1864 1951; x_wconf 87' lang='lat' dir='ltr'><strong>pecuniosus,</strong></span> 
     </span>
     <span class='ocr_line' id='line_1_22' title="bbox 168 1933 1861 2025; baseline 0.012 -35"><span class='ocrx_word' id='word_1_143' title='bbox 168 1933 227 1990; x_wconf 85' lang='lat' dir='ltr'><strong>ui</strong></span> <span class='ocrx_word' id='word_1_144' title='bbox 272 1952 506 2010; x_wconf 79' lang='lat' dir='ltr'><strong>magnas</strong></span> <span class='ocrx_word' id='word_1_145' title='bbox 553 1940 816 2010; x_wconf 79' lang='lat' dir='ltr'><strong>pecunias</strong></span> <span class='ocrx_word' id='word_1_146' title='bbox 865 1962 929 1996; x_wconf 88' lang='lat' dir='ltr'><strong>ex</strong></span> <span class='ocrx_word' id='word_1_147' title='bbox 981 1946 1222 2000; x_wconf 79' lang='lat' dir='ltr'><strong>metallis</strong></span> <span class='ocrx_word' id='word_1_148' title='bbox 1282 1947 1510 2020; x_wconf 87' lang='lat' dir='ltr'><strong>fecerat,</strong></span> <span class='ocrx_word' id='word_1_149' title='bbox 1569 1954 1685 2025; x_wconf 80' lang='lat' dir='ltr'><strong>egit</strong></span> <span class='ocrx_word' id='word_1_150' title='bbox 1737 1975 1861 2010; x_wconf 90' lang='lat' dir='ltr'><strong>cum</strong></span> 
     </span>
     <span class='ocr_line' id='line_1_23' title="bbox 0 1986 1862 2133; baseline 0.012 -69"><span class='ocrx_word' id='word_1_151' title='bbox 0 1986 66 2133; x_wconf 52' lang='grc' dir='ltr'><strong>ἱ·</strong></span> <span class='ocrx_word' id='word_1_152' title='bbox 180 2008 192 2021; x_wconf 79' lang='grc'><strong><em>’</em></strong></span> <span class='ocrx_word' id='word_1_153' title='bbox 256 2027 362 2067; x_wconf 88' lang='lat' dir='ltr'><strong>one</strong></span> <span class='ocrx_word' id='word_1_154' title='bbox 401 2017 467 2069; x_wconf 84' lang='lat' dir='ltr'><strong>ut</strong></span> <span class='ocrx_word' id='word_1_155' title='bbox 505 2031 628 2070; x_wconf 87' lang='lat' dir='ltr'><strong>eam</strong></span> <span class='ocrx_word' id='word_1_156' title='bbox 669 2017 778 2071; x_wconf 86' lang='lat' dir='ltr'><strong>sibi</strong></span> <span class='ocrx_word' id='word_1_157' title='bbox 820 2037 1045 2073; x_wconf 85' lang='lat' dir='ltr'><strong>uxorem</strong></span> <span class='ocrx_word' id='word_1_158' title='bbox 1088 2021 1269 2077; x_wconf 87' lang='lat' dir='ltr'><strong>daret:</strong></span> <span class='ocrx_word' id='word_1_159' title='bbox 1311 2025 1365 2080; x_wconf 91' lang='lat' dir='ltr'><strong>id</strong></span> <span class='ocrx_word' id='word_1_160' title='bbox 1408 2027 1455 2080; x_wconf 88' lang='lat' dir='ltr'><strong>si</strong></span> <span class='ocrx_word' id='word_1_161' title='bbox 1490 2028 1862 2103; x_wconf 87' lang='lat' dir='ltr'><strong>impetrasset,</strong></span> 
     </span>
     <span class='ocr_line' id='line_1_24' title="bbox 14 2087 1918 2163; baseline 0.012 -23"><span class='ocrx_word' id='word_1_162' title='bbox 14 2139 24 2149; x_wconf 72' lang='lat'><strong>.‚</strong></span> <span class='ocrx_word' id='word_1_163' title='bbox 126 2102 188 2142; x_wconf 78' lang='lat' dir='ltr'><strong>ae</strong></span> <span class='ocrx_word' id='word_1_164' title='bbox 224 2104 330 2161; x_wconf 82' lang='lat' dir='ltr'><strong>pro</strong></span> <span class='ocrx_word' id='word_1_165' title='bbox 369 2087 469 2145; x_wconf 85' lang='lat' dir='ltr'><strong>illo</strong></span> <span class='ocrx_word' id='word_1_166' title='bbox 507 2093 799 2163; x_wconf 86' lang='lat' dir='ltr'><strong>pecuniam</strong></span> <span class='ocrx_word' id='word_1_167' title='bbox 849 2095 1180 2153; x_wconf 89' lang='lat' dir='ltr'><strong>soluturum.</strong></span> <span class='ocrx_word' id='word_1_168' title='bbox 1260 2101 1308 2156; x_wconf 86' lang='lat' dir='ltr'><strong>is</strong></span> <span class='ocrx_word' id='word_1_169' title='bbox 1350 2121 1475 2158; x_wconf 87' lang='lat' dir='ltr'><strong>cum</strong></span> <span class='ocrx_word' id='word_1_170' title='bbox 1526 2106 1693 2160; x_wconf 91' lang='lat' dir='ltr'><strong>talem</strong></span> <span class='ocrx_word' id='word_1_171' title='bbox 1737 2128 1859 2162; x_wconf 89' lang='lat' dir='ltr'><strong>con·</strong></span> <span class='ocrx_word' id='word_1_172' title='bbox 1893 2125 1918 2163; x_wconf 71' lang='lat'>4</span> 
     </span>
     <span class='ocr_line' id='line_1_25' title="bbox 0 2159 1855 2262; baseline 0.012 -45"><span class='ocrx_word' id='word_1_173' title='bbox 0 2164 17 2180; x_wconf 82' lang='grc'><strong>“</strong></span> <span class='ocrx_word' id='word_1_174' title='bbox 126 2159 401 2221; x_wconf 70' lang='lat' dir='ltr'><strong>dicionem</strong></span> <span class='ocrx_word' id='word_1_175' title='bbox 441 2174 855 2240; x_wconf 81' lang='lat' dir='ltr'><strong>aspernaretur,</strong></span> <span class='ocrx_word' id='word_1_176' title='bbox 906 2171 1162 2243; x_wconf 83' lang='lat' dir='ltr'><strong>Elpinice</strong></span> <span class='ocrx_word' id='word_1_177' title='bbox 1203 2179 1429 2262; x_wconf 74' lang='lat' dir='ltr'><strong>negavit</strong></span> <span class='ocrx_word' id='word_1_178' title='bbox 1470 2199 1526 2234; x_wconf 90' lang='lat' dir='ltr'><strong>se</strong></span> <span class='ocrx_word' id='word_1_179' title='bbox 1569 2202 1855 2252; x_wconf 82' lang='lat' dir='ltr'><strong>passuram</strong></span> 
     </span>
     <span class='ocr_line' id='line_1_26' title="bbox 126 2232 1856 2331; baseline 0.012 -36"><span class='ocrx_word' id='word_1_180' title='bbox 126 2232 400 2297; x_wconf 59' lang='lat' dir='ltr'><strong>“sstiadis</strong></span> <span class='ocrx_word' id='word_1_181' title='bbox 438 2245 763 2317; x_wconf 78' lang='lat' dir='ltr'><strong>progeniem</strong></span> <span class='ocrx_word' id='word_1_182' title='bbox 805 2247 861 2302; x_wconf 92' lang='lat' dir='ltr'><strong>in</strong></span> <span class='ocrx_word' id='word_1_183' title='bbox 903 2249 1098 2304; x_wconf 76' lang='lat' dir='ltr'><strong>vinclis</strong></span> <span class='ocrx_word' id='word_1_184' title='bbox 1139 2253 1378 2322; x_wconf 77' lang='lat' dir='ltr'><strong>publicis</strong></span> <span class='ocrx_word' id='word_1_185' title='bbox 1429 2256 1675 2328; x_wconf 87' lang='lat' dir='ltr'><strong>interire,</strong></span> <span class='ocrx_word' id='word_1_186' title='bbox 1726 2280 1856 2331; x_wconf 89' lang='lat' dir='ltr'><strong>quo·</strong></span> 
     </span>
     <span class='ocr_line' id='line_1_27' title="bbox 124 2310 1856 2404; baseline 0.012 -33"><span class='ocrx_word' id='word_1_187' title='bbox 124 2310 278 2373; x_wconf 58' lang='lat' dir='ltr'><strong>th</strong></span> <span class='ocrx_word' id='word_1_188' title='bbox 312 2316 610 2391; x_wconf 76' lang='lat' dir='ltr'><strong>prohibere</strong></span> <span class='ocrx_word' id='word_1_189' title='bbox 649 2328 855 2394; x_wconf 82' lang='lat' dir='ltr'><strong>posset,</strong></span> <span class='ocrx_word' id='word_1_190' title='bbox 895 2343 1062 2396; x_wconf 86' lang='lat' dir='ltr'><strong>seque</strong></span> <span class='ocrx_word' id='word_1_191' title='bbox 1097 2326 1306 2383; x_wconf 86' lang='lat' dir='ltr'><strong>Calliae</strong></span> <span class='ocrx_word' id='word_1_192' title='bbox 1348 2337 1662 2404; x_wconf 86' lang='lat' dir='ltr'><strong>nupturam,</strong></span> <span class='ocrx_word' id='word_1_193' title='bbox 1703 2336 1748 2389; x_wconf 86' lang='lat' dir='ltr'><strong>si</strong></span> <span class='ocrx_word' id='word_1_194' title='bbox 1791 2356 1856 2392; x_wconf 91' lang='lat' dir='ltr'><strong>ea</strong></span> 
     </span>
     <span class='ocr_line' id='line_1_28' title="bbox 128 2392 1092 2470; baseline 0.009 -23"><span class='ocrx_word' id='word_1_195' title='bbox 128 2403 270 2461; x_wconf 61' lang='lat' dir='ltr'><strong>qn·</strong></span> <span class='ocrx_word' id='word_1_196' title='bbox 380 2392 664 2453; x_wconf 79' lang='lat' dir='ltr'><strong>llioeretur</strong></span> <span class='ocrx_word' id='word_1_197' title='bbox 702 2401 1092 2470; x_wconf 85' lang='lat' dir='ltr'><strong>praestitisset.</strong></span> 
     </span>
    </p>

    <p class='ocr_par' dir='ltr' id='par_1_7' title="bbox 53 2468 1920 3013">
     <span class='ocr_line' id='line_1_29' title="bbox 380 2468 1920 2545; baseline 0.012 -19"><span class='ocrx_word' id='word_1_198' title='bbox 380 2468 393 2481; x_wconf 85' lang='grc'><strong>”</strong></span> <span class='ocrx_word' id='word_1_199' title='bbox 436 2471 601 2529; x_wconf 85' lang='lat' dir='ltr'><strong>modo</strong></span> <span class='ocrx_word' id='word_1_200' title='bbox 641 2476 894 2531; x_wconf 85' lang='lat' dir='ltr'><strong>custodia</strong></span> <span class='ocrx_word' id='word_1_201' title='bbox 935 2477 1203 2534; x_wconf 87' lang='lat' dir='ltr'><strong>liberatus</strong></span> <span class='ocrx_word' id='word_1_202' title='bbox 1247 2481 1446 2537; x_wconf 82' lang='lat' dir='ltr'><strong>Cimon</strong></span> <span class='ocrx_word' id='word_1_203' title='bbox 1489 2485 1744 2542; x_wconf 84' lang='lat' dir='ltr'><strong>celeriter</strong></span> <span class='ocrx_word' id='word_1_204' title='bbox 1783 2491 1849 2543; x_wconf 86' lang='lat' dir='ltr'><strong>ad</strong></span> <span class='ocrx_word' id='word_1_205' title='bbox 1885 2491 1920 2545; x_wconf 80' lang='lat'><em>2</em></span> 
     </span>
     <span class='ocr_line' id='line_1_30' title="bbox 125 2539 1851 2635; baseline 0.013 -37"><span class='ocrx_word' id='word_1_206' title='bbox 125 2539 496 2616; x_wconf 65' lang='lat' dir='ltr'><strong>princip-enm</strong></span> <span class='ocrx_word' id='word_1_207' title='bbox 527 2552 793 2621; x_wconf 69' lang='lat' dir='ltr'><strong>pervenit</strong></span> <span class='ocrx_word' id='word_1_208' title='bbox 859 2552 1102 2609; x_wconf 86' lang='lat' dir='ltr'><strong>habebat</strong></span> <span class='ocrx_word' id='word_1_209' title='bbox 1134 2558 1279 2611; x_wconf 87' lang='lat' dir='ltr'><strong>enim</strong></span> <span class='ocrx_word' id='word_1_210' title='bbox 1316 2561 1451 2612; x_wconf 78' lang='lat' dir='ltr'><strong>satis</strong></span> <span class='ocrx_word' id='word_1_211' title='bbox 1486 2561 1851 2635; x_wconf 84' lang='lat' dir='ltr'><strong>eloquentiae,</strong></span> 
     </span>
     <span class='ocr_line' id='line_1_31' title="bbox 125 2620 1848 2702; baseline 0.013 -30"><span class='ocrx_word' id='word_1_212' title='bbox 125 2634 400 2676; x_wconf 76' lang='lat' dir='ltr'><strong>summam</strong></span> <span class='ocrx_word' id='word_1_213' title='bbox 429 2620 841 2697; x_wconf 79' lang='lat' dir='ltr'><strong>liberalitatem,</strong></span> <span class='ocrx_word' id='word_1_214' title='bbox 877 2648 1132 2701; x_wconf 72' lang='lat' dir='ltr'><strong>magnam</strong></span> <span class='ocrx_word' id='word_1_215' title='bbox 1168 2634 1518 2702; x_wconf 84' lang='lat' dir='ltr'><strong>prudentiam</strong></span> <span class='ocrx_word' id='word_1_216' title='bbox 1554 2656 1678 2693; x_wconf 91' lang='lat' dir='ltr'><strong>cum</strong></span> <span class='ocrx_word' id='word_1_217' title='bbox 1714 2640 1848 2696; x_wconf 89' lang='lat' dir='ltr'><strong>iuris</strong></span> 
     </span>
     <span class='ocr_line' id='line_1_32' title="bbox 124 2692 1846 2785; baseline 0.013 -37"><span class='ocrx_word' id='word_1_218' title='bbox 124 2692 304 2749; x_wconf 75' lang='lat' dir='ltr'><strong>civilis</strong></span> <span class='ocrx_word' id='word_1_219' title='bbox 343 2698 465 2753; x_wconf 73' lang='lat' dir='ltr'><strong>tum</strong></span> <span class='ocrx_word' id='word_1_220' title='bbox 503 2700 584 2756; x_wconf 84' lang='lat' dir='ltr'><strong>rei</strong></span> <span class='ocrx_word' id='word_1_221' title='bbox 624 2703 910 2774; x_wconf 86' lang='lat' dir='ltr'><strong>militaris,</strong></span> <span class='ocrx_word' id='word_1_222' title='bbox 952 2708 1096 2778; x_wconf 88' lang='lat' dir='ltr'><strong>quod</strong></span> <span class='ocrx_word' id='word_1_223' title='bbox 1140 2729 1263 2763; x_wconf 81' lang='lat' dir='ltr'><strong>cuin</strong></span> <span class='ocrx_word' id='word_1_224' title='bbox 1306 2716 1464 2781; x_wconf 84' lang='lat' dir='ltr'><strong>patre</strong></span> <span class='ocrx_word' id='word_1_225' title='bbox 1506 2732 1537 2767; x_wconf 90' lang='lat' dir='ltr'><strong>a</strong></span> <span class='ocrx_word' id='word_1_226' title='bbox 1578 2733 1749 2785; x_wconf 88' lang='lat' dir='ltr'><strong>puero</strong></span> <span class='ocrx_word' id='word_1_227' title='bbox 1793 2718 1846 2771; x_wconf 87' lang='lat' dir='ltr'><strong>in</strong></span> 
     </span>
     <span class='ocr_line' id='line_1_33' title="bbox 53 2769 1843 2862; baseline 0.013 -39"><span class='ocrx_word' id='word_1_228' title='bbox 53 2806 58 2813; x_wconf 91' lang='lat'><em>-</em></span> <span class='ocrx_word' id='word_1_229' title='bbox 120 2769 459 2828; x_wconf 76' lang='lat' dir='ltr'><strong>exercitibus</strong></span> <span class='ocrx_word' id='word_1_230' title='bbox 511 2771 693 2833; x_wconf 69' lang='lat' dir='ltr'><strong>fuerat</strong></span> <span class='ocrx_word' id='word_1_231' title='bbox 740 2787 1007 2837; x_wconf 82' lang='lat' dir='ltr'><strong>versatus.</strong></span> <span class='ocrx_word' id='word_1_232' title='bbox 1088 2785 1274 2855; x_wconf 89' lang='lat' dir='ltr'><strong>itaque</strong></span> <span class='ocrx_word' id='word_1_233' title='bbox 1329 2786 1416 2842; x_wconf 88' lang='lat' dir='ltr'><strong>hic</strong></span> <span class='ocrx_word' id='word_1_234' title='bbox 1469 2793 1525 2843; x_wconf 90' lang='lat' dir='ltr'><strong>et</strong></span> <span class='ocrx_word' id='word_1_235' title='bbox 1579 2793 1843 2862; x_wconf 88' lang='lat' dir='ltr'><strong>populum</strong></span> 
     </span>
     <span class='ocr_line' id='line_1_34' title="bbox 61 2844 1841 2934; baseline 0.013 -35"><span class='ocrx_word' id='word_1_236' title='bbox 61 2887 68 2892; x_wconf 88' lang='lat'>.</span> <span class='ocrx_word' id='word_1_237' title='bbox 119 2844 395 2902; x_wconf 80' lang='lat' dir='ltr'><strong>urbanum</strong></span> <span class='ocrx_word' id='word_1_238' title='bbox 442 2847 500 2904; x_wconf 84' lang='lat' dir='ltr'><strong>in</strong></span> <span class='ocrx_word' id='word_1_239' title='bbox 546 2867 649 2908; x_wconf 75' lang='lat' dir='ltr'><strong>sua</strong></span> <span class='ocrx_word' id='word_1_240' title='bbox 694 2857 874 2911; x_wconf 80' lang='lat' dir='ltr'><strong>tenuit</strong></span> <span class='ocrx_word' id='word_1_241' title='bbox 922 2863 1201 2929; x_wconf 85' lang='lat' dir='ltr'><strong>potestate</strong></span> <span class='ocrx_word' id='word_1_242' title='bbox 1250 2866 1307 2916; x_wconf 87' lang='lat' dir='ltr'><strong>et</strong></span> <span class='ocrx_word' id='word_1_243' title='bbox 1354 2865 1499 2934; x_wconf 87' lang='lat' dir='ltr'><strong>apud</strong></span> <span class='ocrx_word' id='word_1_244' title='bbox 1541 2869 1841 2922; x_wconf 84' lang='lat' dir='ltr'><strong>exercitum</strong></span> 
     </span>
     <span class='ocr_line' id='line_1_35' title="bbox 157 2920 1900 3013; baseline 0.013 -37"><span class='ocrx_word' id='word_1_245' title='bbox 157 2920 420 2979; x_wconf 81' lang='lat' dir='ltr'><strong>lurimum</strong></span> <span class='ocrx_word' id='word_1_246' title='bbox 461 2923 638 2982; x_wconf 76' lang='lat' dir='ltr'><strong>valuit</strong></span> <span class='ocrx_word' id='word_1_247' title='bbox 674 2934 1021 2989; x_wconf 83' lang='lat' dir='ltr'><strong>auctoritate.</strong></span> <span class='ocrx_word' id='word_1_248' title='bbox 1087 2937 1327 3006; x_wconf 87' lang='lat' dir='ltr'><strong>primum</strong></span> <span class='ocrx_word' id='word_1_249' title='bbox 1361 2940 1665 3012; x_wconf 85' lang='lat' dir='ltr'><strong>imperator</strong></span> <span class='ocrx_word' id='word_1_250' title='bbox 1697 2944 1840 3013; x_wconf 81' lang='lat' dir='ltr'><strong>apud</strong></span> <span class='ocrx_word' id='word_1_251' title='bbox 1876 2960 1900 2998; x_wconf 72' lang='lat'><strong>:2</strong></span> 
     </span>
    </p>

    <p class='ocr_par' dir='ltr' id='par_1_8' title="bbox 253 2997 1840 3090">
     <span class='ocr_line' id='line_1_36' title="bbox 253 2997 1840 3090; baseline 0.011 -36"><span class='ocrx_word' id='word_1_252' title='bbox 253 3016 324 3055; x_wconf 88' lang='lat' dir='ltr'><strong>en</strong></span> <span class='ocrx_word' id='word_1_253' title='bbox 371 2997 674 3072; x_wconf 77' lang='lat' dir='ltr'><strong>Strymona</strong></span> <span class='ocrx_word' id='word_1_254' title='bbox 722 3023 950 3081; x_wconf 77' lang='lat' dir='ltr'><strong>magnas</strong></span> <span class='ocrx_word' id='word_1_255' title='bbox 1007 3013 1194 3083; x_wconf 81' lang='lat' dir='ltr'><strong>copias</strong></span> <span class='ocrx_word' id='word_1_256' title='bbox 1242 3013 1551 3071; x_wconf 83' lang='lat' dir='ltr'><strong>Thraecum</strong></span> <span class='ocrx_word' id='word_1_257' title='bbox 1612 3017 1840 3090; x_wconf 82' lang='lat' dir='ltr'><strong>fugavit,</strong></span> 
     </span>
    </p>
   </div>
   <div class='ocr_carea' id='block_1_6' title="bbox 0 2619 118 3358">
    <p class='ocr_par' dir='ltr' id='par_1_9' title="bbox 0 2619 118 3358">
     <span class='ocr_line' id='line_1_37' title="bbox 0 2619 118 3358; baseline 0 0"><span class='ocrx_word' id='word_1_258' title='bbox 0 2619 118 3358; x_wconf 95' lang='lat' dir='ltr'><strong> </strong></span> 
     </span>
    </p>
   </div>
  </div>
 </body>
</html>
