2019 3310
217 180 252 232 2
763 170 1114 218 PRAEFATio.
1156 175 1181 225 ς
1214 175 1343 216 s-s.

217 300 588 355 Romanorum
629 295 795 365 pudet
833 312 1054 347 uxorem
1095 292 1287 346 ducere
1326 291 1383 344 in
1415 291 1763 346 convivium?
1811 296 1907 347 aut

219 375 369 429 cuius
411 391 518 425 non
551 375 725 423 mater
760 369 995 421 familias
1029 367 1265 436 primum
1297 365 1478 419 locum
1510 369 1660 420 tenet
1690 366 1905 420 aedium

161 465 185 503 7
220 453 382 518 atque
424 447 478 499 in
519 444 833 498 celebritate
873 441 1156 495 versatur?
1220 440 1363 509 quod
1411 439 1585 494 multo
1635 439 1700 494 fit
1745 440 1907 494 aliter

221 523 277 576 in
317 520 556 574 Graecia.
619 536 744 570 nam
791 535 961 586 neque
1010 516 1065 568 in
1113 514 1420 568 convivium
1466 512 1754 568 adhibetur
1798 514 1905 568 nisi

221 596 676 666 propinquorum,
736 608 908 660 neque
964 590 1115 642 sedet
1168 589 1272 641 nisi
1329 588 1384 640 in
1440 586 1696 641 interiore
1750 592 1906 658 parte

222 670 455 736 aedium,
503 684 637 736 quae
685 664 1058 736 gynaeconitis
1107 663 1436 732 appellatur,
1483 679 1590 731 quo
1630 678 1788 716 nemo
1827 679 1910 716 ac-

163 760 190 800 8
223 744 365 797 cedit
412 742 516 795 nisi
565 740 867 810 propinqua
916 738 1239 808 cognatione
1284 736 1619 790 coniunctus.
1681 734 1776 789 sed
1819 734 1910 790 hic

223 818 378 887 plura
410 815 658 886 persequi
685 833 805 867 cum
835 811 1151 882 magnitudo
1178 810 1465 863 voluminis
1493 808 1761 880 prohibet,
1792 811 1911 862 tum

224 891 525 957 festinatio,
574 893 635 941 ut
674 907 736 941 ea
775 887 1059 956 explicem,
1111 902 1246 954 quae
1286 902 1509 937 exorsus
1549 901 1683 937 sum.
1746 900 1912 953 quare

223 966 289 1019 ad
336 964 677 1035 propositum
728 962 1001 1013 veniemus
1042 963 1097 1011 et
1145 960 1200 1011 in
1244 958 1347 1012 hoc
1394 975 1721 1028 exponemus
1770 956 1909 1010 libro

225 1040 287 1093 de
330 1040 440 1092 vita
481 1037 858 1091 excellentium
900 1035 1306 1102 imperatorum.

800 1288 842 1347 l.
891 1285 1346 1346 MILTIADES.

165 1416 188 1466 1
377 1406 668 1472 Miltiades,
701 1403 943 1458 Cimonis
984 1402 1144 1470 filius,
1177 1401 1545 1471 Atheniensis,
1585 1419 1709 1455 cum
1741 1404 1797 1454 et
1828 1418 1917 1455 an·

227 1483 483 1552 tiquitate
532 1478 744 1550 generis
785 1482 841 1529 et
888 1477 1064 1547 gloria
1112 1476 1376 1528 maiorum
1417 1479 1474 1529 et
1513 1493 1611 1529 sua
1650 1474 1918 1529 modestia

230 1575 366 1610 unus
409 1556 648 1609 omnium
692 1553 922 1604 maxime
964 1550 1181 1603 floreret
1219 1567 1387 1619 eaque
1427 1554 1573 1602 esset
1612 1552 1817 1619 aetate,
1855 1553 1918 1602 ut

229 1650 334 1685 non
384 1631 490 1682 iam
540 1629 715 1680 solum
764 1627 826 1678 de
867 1643 930 1677 eo
979 1625 1113 1677 bene
1162 1641 1401 1693 sperare,
1449 1623 1542 1676 sed
1589 1623 1758 1677 etiam
1797 1640 1918 1677 con·

232 1706 391 1758 fidere
434 1705 574 1757 cives
616 1705 837 1771 possent
877 1699 988 1767 sui,
1028 1698 1193 1751 talem
1234 1716 1355 1751 eum
1396 1696 1662 1767 futurum,
1702 1697 1917 1767 qualem

231 1780 510 1849 cognitum
560 1777 886 1841 iudicarunt,
934 1772 1131 1826 accidit
1177 1777 1238 1825 ut
1286 1771 1645 1826 Athenienses
1693 1769 1919 1826 Cherso-

171 1869 198 1909 2
232 1872 418 1906 nesum
476 1852 693 1905 colonos
751 1849 950 1900 vellent
1006 1847 1235 1900 mittere.
1322 1846 1473 1900 cuius
1527 1846 1741 1918 generis
1797 1863 1919 1900 cum

233 1945 460 1997 magnus
517 1942 770 1978 numerus
820 1926 964 1975 esset
1011 1925 1066 1974 et
1122 1921 1278 1973 multi
1335 1922 1451 1975 eius
1505 1919 1920 1992 demigrationis

232 2005 478 2072 peterent
526 2000 864 2063 societatem,
914 2014 976 2048 ex
1025 1996 1091 2048 iis
1139 1995 1332 2048 delecti
1375 1993 1616 2065 Delphos
1664 1994 1920 2049 delibera·

233 2082 349 2128 tum
393 2075 539 2127 missi
584 2078 710 2126 sunt
752 2072 864 2140 {qui
908 2070 1250 2123 consulerent
1290 2068 1643 2140 ApollinemJ,
1681 2086 1789 2139 quo
1830 2085 1919 2139 po·

234 2150 506 2203 tissimum
551 2148 681 2199 duce
732 2149 1023 2197 uterentur.
1087 2162 1317 2213 namque
1365 2147 1482 2197 tum
1521 2142 1788 2197 Thraeces
1829 2159 1919 2196 eas

235 2225 482 2294 regiones
517 2221 791 2287 tenebant,
823 2238 942 2272 cuin
978 2218 1172 2287 quibus
1202 2218 1366 2271 armis
1392 2220 1511 2271 erat
1541 2215 1921 2271 dimicandum.

177 2316 200 2350 3
238 2299 368 2364 [hisl
420 2294 825 2350 consulentibus
882 2292 1201 2345 nominatim
1252 2290 1452 2362 Pythia
1504 2290 1807 2362 praecepit,
1861 2294 1923 2344 ut

238 2371 539 2424 Miltiadem
581 2370 960 2439 imperatorem
1003 2367 1104 2419 sibi
1147 2368 1444 2419 sumerent:
1484 2363 1538 2418 id
1573 2364 1621 2419 si
1653 2363 1923 2435 fecissent,

177 2462 202 2498 4
239 2447 451 2514 incepta
508 2461 766 2514 prospera
821 2441 1014 2493 sutura
1094 2439 1194 2493 hoc
1243 2438 1445 2493 oraculi
1498 2454 1755 2509 responso
1802 2437 1923 2493 Mil·

238 2519 409 2572 tiades
445 2538 563 2571 cum
599 2518 807 2570 delecta
841 2532 999 2568 manu
1026 2514 1196 2567 classe
1221 2512 1617 2567 Chersonesum
1648 2512 1922 2583 profectus

238 2611 357 2647 cum
400 2593 718 2645 accessisset
761 2588 1019 2643 Lemnum
1068 2592 1123 2641 et
1171 2587 1373 2642 incolas
1420 2588 1535 2641 eius
1576 2587 1783 2642 insulas
1821 2586 1922 2643 sub

277 2671 567 2718 otestutem
635 2665 873 2735 redigere
933 2662 1093 2715 vellet
1150 2661 1586 2732 Atheniensium,
1648 2661 1807 2747 idque
1866 2664 1926 2716 αἱ

181 2754 205 2794 5
322 2741 449 2793 mnii
492 2759 587 2791 suu
628 2745 821 2808 sponte
862 2737 1099 2791 facerent
1140 2735 1486 2806 postulasset,
1526 2733 1605 2790 illi
1639 2734 1922 2791 irridentes

243 2814 633 2884 responderunt
689 2818 803 2865 tum
862 2811 912 2865 id
969 2829 1026 2864 se
1092 2809 1363 2878 facturos,
1429 2828 1551 2865 cum
1610 2808 1706 2864 ino
1761 2807 1923 2864 domo

241 2889 468 2943 navibus
526 2887 798 2957 profectus
850 2889 1008 2938 vento
1060 2884 1312 2954 aquilone
1365 2885 1600 2940 venisset
1646 2880 1925 2939 bunum.

242 2963 329 3017 hic
369 2962 510 3015 enim
557 2965 746 3014 ventus
789 2961 854 3012 sb
897 2958 1375 3029 septemtrionibus
1416 2959 1596 3014 oriens
1641 2955 1925 3013 adversum
