2164 3358
672 93 750 140 v1.
788 93 1139 142 LYSANDER.
1188 101 1230 140 3.
1264 98 1305 139 4.
1787 97 1860 152 23

0 267 9 295 :-
116 221 223 278 bus
255 220 365 276 dux
397 220 676 295 deligatur
708 221 776 276 ad
809 221 1020 275 bellum
1055 220 1373 294 gerendum,
1408 221 1502 275 sed
1535 222 1612 276 sic
1635 223 1861 294 scripta,

0 301 17 366 ῥ’
115 301 183 354 ut
220 297 385 353 deum
425 298 706 353 videretur
746 315 1049 370 congruere
1091 297 1417 368 sententiae,
1459 316 1626 368 quam
1667 298 1761 352 ille
1801 318 1859 353 se

0 374 6 426 ἓ
115 373 442 430 habiturum
475 375 710 447 pecunia
740 374 914 428 fidens
948 392 1059 427 non
1085 373 1384 427 dubitarat.
1446 374 1589 429 hanc
1615 375 1664 428 ei
1692 376 1861 446 scrip-

117 450 258 507 sisse
301 449 475 506 Cleon
515 449 936 506 Halicarnasius
979 449 1198 503 dicitur.

270 527 456 599 Atque
505 527 611 583 hoc
659 527 781 582 loco
830 544 942 580 non
991 529 1078 580 est
1134 528 1598 597 praetereundum
1646 527 1858 582 factum
1890 529 1929 583 4

116 602 482 676 Pharnabazi,
522 603 763 675 satrapis
805 603 960 675 regii.
1039 621 1169 656 nam
1211 622 1335 658 cum
1378 602 1664 675 Lysander
1705 623 1859 676 prae·

115 679 296 737 fectus
345 680 540 736 classis
588 680 646 734 in
695 679 842 733 bello
892 679 1071 733 multa
1119 680 1417 734 crudeliter
1465 700 1738 752 avareque
1787 680 1861 736 fe-

117 757 290 814 cisset
329 756 504 829 deque
544 756 614 811 iis
656 756 821 810 rebus
864 756 1243 827 suspicaretur
1283 757 1351 811 ad
1394 757 1539 812 cives
1575 777 1704 812 suos
1739 776 1859 812 esse

115 834 409 907 perlatum,
440 832 607 905 petiit
639 852 673 887 a
697 832 1059 887 Pharnabazo
1087 837 1151 886 ut
1184 833 1252 887 ad
1287 833 1527 905 ephoros
1562 835 1670 888 sibi
1705 835 1861 889 testi-

115 910 365 966 monium
405 910 579 981 daret,
622 913 831 982 quanta
871 910 1172 964 sanctitate
1214 910 1425 965 bellum
1466 911 1735 984 gessisset
1777 930 1861 965 so·

113 986 340 1058 ciosque
397 990 721 1058 tractasset,
778 987 953 1057 deque
1007 1005 1071 1040 ea
1127 1005 1185 1041 re
1244 992 1500 1042 accurate
1558 989 1859 1043 scriberet:

112 1081 376 1137 magnam
425 1064 574 1118 enim
627 1064 747 1118 eius
807 1063 1202 1118 auctoritatem
1259 1064 1318 1118 in
1367 1083 1431 1118 ea
1480 1084 1537 1119 re
1595 1065 1858 1119 futuram.

110 1138 243 1196 huic
282 1140 378 1194 ille
419 1140 728 1195 liberaliter
768 1140 1089 1211 pollicetur:
1131 1141 1337 1194 librum
1372 1142 1637 1214 grandem
1672 1142 1857 1195 verbis
1892 1156 1920 1196 2

111 1216 307 1272 multis
349 1217 706 1288 conscripsit,
759 1217 815 1271 in
859 1217 1060 1287 quibus
1103 1218 1336 1271 summis
1379 1237 1503 1272 eum
1547 1219 1705 1272 effert
1746 1218 1859 1271 lau-

112 1293 293 1348 dibus.
343 1311 510 1364 quem
536 1312 662 1349 cum
686 1293 771 1347 hic
794 1293 1025 1366 legisset
1058 1295 1478 1365 probassetque,
1513 1295 1642 1348 dum
1678 1295 1858 1366 signa-

112 1373 222 1441 tur,
262 1370 502 1425 alterum
534 1371 655 1443 pari
691 1370 1072 1443 magnitudine
1107 1374 1156 1424 et
1186 1374 1346 1425 tanta
1380 1371 1761 1441 similitudine,
1794 1374 1859 1424 ut

111 1446 351 1502 discerni
391 1465 504 1502 non
545 1450 752 1518 posset,
794 1447 1079 1519 signatum
1115 1447 1369 1519 subiecit,
1403 1449 1460 1501 in
1495 1467 1604 1518 quo
1639 1466 1858 1503 accura-

112 1522 333 1578 tissime
358 1523 478 1578 eius
497 1524 792 1578 avaritiam
811 1523 1210 1595 perfidiamque
1231 1529 1536 1580 accusarat.
1574 1523 1859 1596 Lysander
1892 1540 1918 1579 3

111 1599 340 1655 domum
380 1618 507 1656 cum
547 1600 807 1671 redisset,
859 1604 1159 1671 postquam
1209 1601 1274 1655 de
1318 1602 1432 1656 suis
1474 1602 1639 1656 rebus
1682 1602 1857 1675 gestis

110 1677 259 1749 apud
316 1677 620 1732 maximum
678 1678 1075 1750 magistratum
1125 1697 1264 1748 quae
1318 1679 1571 1732 voluerat
1628 1679 1859 1749 dixerat,

112 1754 426 1809 testimonii
473 1754 597 1810 loco
650 1754 857 1808 librum
900 1773 934 1808 a
973 1753 1333 1809 Pharnabazo
1377 1756 1569 1809 datum
1612 1755 1858 1810 tradidit.

110 1829 260 1886 hunc
299 1835 582 1886 summoto
617 1829 906 1902 Lysandro
950 1850 1074 1886 cum
1117 1831 1311 1902 ephori
1354 1837 1707 1905 cognossent,
1748 1832 1856 1903 ipsi

114 1906 408 1981 legendum
448 1907 733 1963 dederunt.
797 1909 878 1962 ita
918 1907 1012 1962 ille
1053 1908 1374 1978 imprudens
1417 1909 1535 1979 ipse
1577 1928 1708 1963 suus
1749 1908 1857 1962 fuit

113 1987 420 2041 accusator.

803 2107 1166 2114 ——-———

631 2246 765 2309 VII.
814 2247 1323 2309 ALCIBIADES.

264 2366 600 2439 Alcibiades,
633 2365 847 2423 Cliniae
890 2367 1054 2439 filius,
1083 2368 1459 2422 Atheniensis.
1526 2368 1582 2421 in
1624 2368 1730 2423 hoc
1762 2386 1853 2423 na·
1892 2370 1918 2423 1

116 2444 245 2498 tura
299 2444 432 2516 quid
487 2444 706 2500 efficere
774 2445 956 2516 possit
1015 2444 1234 2499 videtur
1294 2448 1535 2515 experta.
1632 2449 1855 2500 constat

116 2516 265 2574 enim
310 2520 456 2576 inter
504 2539 720 2592 omnes,
769 2521 863 2592 qui
914 2521 979 2575 de
1022 2540 1085 2576 eo
1128 2523 1427 2575 memoriae
1476 2521 1855 2608 prodiderunt,

116 2592 258 2649 nihil
305 2594 405 2651 illo
450 2596 624 2653 fuisse
674 2596 1036 2653 excellentius
1086 2598 1170 2652 vel
1227 2598 1283 2651 in
1333 2598 1484 2652 vitiis
1526 2597 1611 2652 vel
1653 2598 1711 2652 in
1751 2599 1855 2653 vir-

116 2670 350 2726 tutibus.
414 2677 579 2729 natus
619 2674 677 2729 in
718 2673 1066 2745 amplissima
1107 2676 1333 2729 civitate
1376 2693 1593 2729 summo
1636 2693 1853 2747 genere,
1886 2689 1914 2728 2

117 2747 366 2802 omnium
405 2749 608 2805 aetatis
649 2768 779 2806 suae
823 2751 1002 2805 multo
1044 2750 1510 2821 formosissimus,
1560 2751 1735 2821 dives3
1786 2752 1852 2805 ad

4 2855 6 2858 ·
115 2840 308 2879 omnes
342 2841 429 2879 res
462 2827 628 2896 aptus
660 2827 989 2912 consiliique
1025 2828 1220 2898 plenus
1253 2825 1514 2898 (namque
1548 2828 1854 2913 imperator

113 2897 225 2955 fuit
263 2917 513 2955 summus
553 2904 612 2955 et
651 2903 790 2956 mari
832 2907 889 2957 et
930 2902 1128 2975 terra);
1168 2903 1427 2973 disertus,
1468 2908 1532 2958 ut
1565 2905 1621 2957 in
1656 2904 1850 2987 primis

112 2975 345 3032 dicendo
401 2976 635 3047 valeret,
691 2978 838 3049 quod
890 2982 1049 3034 tanta
1102 2983 1224 3033 erat
1275 2980 1684 3035 commendatio
1739 2980 1852 3033 oris
