2019 3310
227 118 298 169 92
721 122 888 171 XXIII.
922 126 1257 175 HANNIBAL.
1308 136 1438 177 5—7.

224 241 462 294 sustulit.
504 241 576 296 M.
604 242 893 300 Claudium
918 247 1257 322 Marcellum,
1283 254 1609 325 quinquiens
1635 265 1932 337 consulem,

160 326 189 366 4
222 315 365 384 apud
420 315 720 372 Venusiam
774 322 894 390 pari
950 325 1112 379 modo
1176 327 1467 384 interfecit.
1560 334 1789 408 longum
1845 346 1931 395 est

222 391 405 444 omnia
445 410 760 448 enumerare
800 397 1023 466 proelia.
1084 419 1252 470 quare
1291 403 1397 458 1100
1435 425 1606 462 unum
1646 414 1783 467 satis
1825 418 1931 470 erit

221 465 449 534 dictum,
499 485 563 520 ex
612 487 719 537 quo
768 470 1017 545 intellegi
1063 477 1265 547 possit,
1319 484 1558 549 quantus
1598 485 1692 540 ille
1739 488 1929 544 fuerit:

220 541 478 608 quamdiu
518 542 575 594 in
615 541 781 598 Italia
820 545 942 616 fuit,
980 568 1141 604 nemo
1163 553 1232 617 *ei
1264 553 1322 606 in
1354 556 1469 609 acie
1501 560 1728 633 restitit,
1766 582 1927 620 nemo

218 614 474 668 adversus
540 635 664 671 eum
725 625 855 690 post
911 621 1254 680 Cannensem
1315 648 1559 702 pugnam
1621 635 1680 689 in
1734 656 1928 710 campo

216 692 397 741 castra
437 692 637 760 posuit.

156 762 188 815 6
364 763 508 820 Hinc
541 767 778 823 invictus
811 773 1051 840 patriam
1084 775 1366 832 defensum
1398 788 1686 840 revocatus
1719 787 1928 844 bellum

214 839 390 908 gessit
438 841 696 897 adversus
745 843 803 898 P.
848 845 1185 921 Scipionem,
1247 853 1424 909 filium
1482 858 1596 912 eius
1652 860 1928 935 Sm'pioniS,

215 931 376 982 quem
402 915 517 984 ipse
541 918 720 985 primo
748 922 891 989 apud
916 922 1261 996 Rhodanum,
1294 929 1496 985 iterum
1529 935 1673 1004 apud
1698 936 1926 1011 Padum,

153 1003 179 1043 2
213 989 380 1041 tertio
423 992 566 1060 apud
598 992 854 1048 Trebiam
895 996 1130 1069 fugarat.
1197 1019 1320 1055 cum
1360 1004 1466 1059 hoc
1498 1009 1779 1067 exhaustis
1813 1015 1925 1069 iam

211 1064 423 1132 patriae
480 1065 837 1123 facultatibus
889 1074 1097 1142 cupivit
1151 1076 1665 1146 impraesentiarum
1717 1088 1925 1145 bellum

213 1155 552 1210 componere,
595 1161 700 1212 quo
743 1145 1015 1201 valentior
1053 1154 1249 1219 postea
1289 1157 1727 1226 congrederetur.
1799 1164 1924 1219 inde

152 1228 177 1268 3
212 1213 550 1283 colloquium
577 1220 845 1289 convenit,
873 1223 1219 1279 condiciones
1240 1246 1352 1281 11011
1371 1240 1755 1290 convenerunt.
1795 1244 1926 1308 post

209 1287 265 1340 id
305 1287 513 1343 factum
546 1294 735 1361 paucis
771 1296 961 1350 diebus
996 1301 1139 1368 apud
1165 1301 1390 1358 Zamam
1422 1324 1546 1361 011111
1579 1311 1771 1366 eodem
1802 1333 1924 1368 con-

209 1361 375 1433 flixit3
414 1366 605 1435 pulsus
641 1367 984 1439 (incredibile
1019 1373 1192 1447 dictu)
1227 1378 1393 1433 biduo
1420 1385 1476 1434 et
1509 1383 1720 1440 duabus
1751 1391 1924 1444 nocti-

209 1437 311 1490 bus
352 1438 755 1497 Hadrumetum
796 1449 1068 1519 pervenit,
1122 1453 1268 1520 quod
1309 1455 1467 1510 abest
1507 1460 1576 1512 ab
1617 1459 1785 1516 Zama
1825 1465 1924 1518 cir-

148 1527 176 1567 4
210 1513 346 1565 citer
387 1516 540 1568 milia
579 1536 844 1587 passuum
885 1525 1147 1578 trecenta.
1210 1527 1269 1580 in
1311 1528 1414 1584 hac
1462 1531 1596 1605 fuga
1634 1535 1923 1610 Numidae,

209 1588 301 1656 qui
343 1589 506 1643 simul
548 1610 671 1646 cum
713 1614 775 1648 eo
818 1615 883 1649 ex
923 1599 1036 1652 acie
1078 1609 1446 1675 excesserant,
1497 1608 1745 1664 insidiati
1793 1619 1921 1668 sunt

208 1662 281 1732 ei,
322 1682 458 1733 quos
497 1685 608 1720 non
648 1669 827 1723 solum
869 1672 1076 1744 effugit,
1117 1677 1211 1729 sed
1244 1678 1412 1733 etiam
1444 1681 1594 1752 ipsos
1629 1690 1920 1756 oppressit.

206 1736 535 1794 Hadrumeti
576 1743 818 1814 reliquos
861 1765 888 1800 e
937 1748 1069 1820 fuga
1117 1752 1365 1824 collegit,
1419 1758 1576 1811 novis
1625 1760 1919 1819 dilectibus

206 1815 393 1882 paucis
436 1816 625 1870 diebus
668 1820 873 1875 multos
908 1827 1199 1880 contraxit.

149 1889 178 1941 7
356 1888 494 1943 Cum
528 1892 584 1945 in
617 1897 931 1964 apparando
966 1902 1227 1955 acerrime
1261 1909 1407 1958 esset
1436 1913 1750 1982 occupatuS,
1781 1912 1919 1968 Kar-

207 1963 584 2034 thaginienses
629 1969 834 2024 bellum
877 1992 1000 2027 cum
1025 1974 1292 2032 Romanis
1327 1990 1767 2052 composuerunt.
1823 1989 1918 2044 ille

204 2038 379 2092 nihilo
423 2042 593 2095 setius
628 2047 890 2100 exercitui
924 2054 1119 2118 postea
1150 2054 1390 2122 praefuit
1418 2076 1612 2129 resque
1645 2061 1703 2114 in
1726 2062 1918 2118 Africa

205 2115 378 2184 gessit
429 2116 692 2187 [itemque
733 2119 898 2193 Mago
947 2124 1119 2179 frater
1167 2129 1305 2198 eius]
1360 2150 1532 2202 usquo
1581 2135 1650 2189 ad
1697 2135 1755 2190 P.
1799 2135 1916 2192 Sul-

147 2203 170 2241 2
204 2189 408 2258 picium
442 2189 499 2245 C.
525 2191 812 2249 Aurelium
854 2201 1119 2255 consules·
1180 2203 1266 2257 his
1308 2207 1452 2260 enim
1494 2210 1914 2281 magistratibus

204 2263 374 2335 legati
416 2265 906 2340 Karthaginienses
949 2274 1184 2330 Romam
1225 2286 1513 2353 venerunt,
1564 2284 1658 2353 qui
1699 2290 1914 2343 senatui

203 2341 516 2410 populoque
573 2343 822 2399 Romano
879 2350 1088 2419 gratias
1146 2361 1402 2426 agerent,
1463 2359 1608 2427 quod
1665 2379 1788 2415 cum
1844 2364 1912 2418 iis

203 2432 393 2482 pacem
450 2417 731 2490 fecissent,
790 2421 859 2475 ob
910 2442 1137 2495 eamque
1186 2446 1302 2482 rem
1351 2449 1551 2486 corona
1607 2452 1772 2490 aurea
1818 2457 1912 2493 eos

204 2488 471 2544 donarent
519 2494 790 2564 simulque
841 2502 1116 2569 peterent,
1172 2507 1234 2556 ut
1283 2506 1500 2561 obsides
1549 2527 1737 2565 eorum
1785 2511 1911 2568 Fre-

144 2577 168 2616 3
203 2564 362 2634 gellis
413 2573 596 2621 essent
645 2571 955 2642 captivique
1008 2576 1376 2633 redderentur.
1455 2582 1542 2637 his
1583 2603 1647 2638 ex
1688 2592 1911 2643 senatus

203 2640 454 2693 consulto
512 2661 833 2713 responsum
888 2652 996 2702 est:
1053 2669 1249 2706 munus
1307 2673 1495 2710 eorum
1550 2664 1772 2731 gratum
1828 2682 1911 2718 ac·

202 2718 527 2784 ceptumque
570 2737 711 2790 esse3
753 2722 993 2794 obsides,
1036 2744 1142 2794 quo
1186 2728 1306 2782 1000
1348 2738 1630 2806 rogarent,
1669 2735 1911 2808 futuros3

201 2789 448 2858 captivos
475 2811 584 2845 11011
611 2797 954 2868 remissuros,
988 2801 1132 2869 quod
1159 2802 1541 2879 Hannibalem,
1566 2810 1718 2864 cuius
1744 2829 1911 2883 opera

201 2868 515 2934 susceptum
543 2868 746 2922 bellum
773 2872 932 2943 foret,
957 2873 1398 2934 inimicissimum
1415 2884 1625 2938 nomini
1643 2884 1909 2957 Romano,

199 2939 500 2993 etiamnum
535 2960 657 2996 cum
691 2945 921 3015 imperio
956 2951 1098 3019 apud
1132 2957 1429 3010 exercitum
1462 2958 1730 3014 haberent
1754 2961 1909 3016 item-
