2019 3310
156 129 264 182 108
671 128 816 174 XXV.
849 127 1130 174 ATTICUS.
1184 133 1251 174 12.
1291 134 1359 172 13.

153 252 434 323 praefecto
468 252 688 306 fabrum
714 250 961 321 Antonii,
1003 253 1289 306 absentem
1321 252 1560 306 relatum
1585 253 1877 323 expedivit.

97 341 121 380 5
156 329 303 398 quod
350 329 408 382 in
455 327 734 398 praesenti
773 330 962 380 utrum
1003 327 1053 381 ei
1093 327 1425 381 laboriosius
1468 346 1539 381 an
1578 329 1877 400 gloriosius

154 404 345 474 fuerit,
394 403 617 456 difficile
659 406 745 456 est
784 402 1048 474 iudicare,
1102 403 1248 473 quod
1288 403 1348 456 in
1387 421 1578 456 eorum
1617 404 1877 474 periculis

153 499 266 534 non
322 497 478 533 secus
537 479 793 532 absentes
843 497 1009 548 quam
1060 481 1379 548 praesentes
1430 479 1637 533 amicos
1684 479 1877 535 Attico

156 573 275 609 esse
317 573 479 608 curae
521 554 808 626 cognitum
849 558 949 607 est.

71 631 135 685 13
305 629 500 700 Neque
540 648 670 683 vero
710 630 805 683 ille
847 630 1028 684 minus
1068 631 1246 684 bonus
1287 634 1447 701 pater
1497 630 1739 684 familias
1786 630 1878 684 ha-

154 706 304 760 bitus
339 709 425 759 est
451 724 618 776 quam
643 705 793 760 civis.
849 724 979 759 nam
1012 725 1136 760 cum
1162 710 1309 760 esset
1340 707 1686 777 pecuniosuS,
1717 725 1879 761 nemo

154 781 252 836 illo
294 781 476 835 minus
517 780 626 835 fuit
659 800 832 851 emax,
874 782 1056 834 minus
1091 782 1425 836 aedificator.
1484 801 1660 852 neque
1692 786 1882 836 tamen

154 876 266 911 non
298 857 551 927 inprimis
584 857 723 911 bene
755 857 1035 910 habitavit
1068 858 1431 928 omnibusque
1459 858 1686 929 optimis
1715 859 1879 912 rebus

94 947 121 987 2
154 951 287 987 usus
329 937 428 987 est.
491 952 621 987 nam
662 934 886 986 domum
926 932 1123 985 habuit
1155 932 1214 985 in
1248 933 1386 986 colle
1423 933 1698 998 Quirinali
1721 933 1881 989 Tam-

155 1009 490 1079 philianam,
554 1009 622 1062 ab
681 1008 951 1062 avunculo
1015 1007 1324 1062 hereditate
1380 1010 1663 1080 relictam,
1727 1011 1880 1065 cuius

156 1085 463 1139 amoenitas
511 1103 624 1138 non
672 1083 945 1154 aedificiO,
993 1083 1089 1137 sed
1136 1084 1276 1137 silva
1324 1086 1642 1139 constabat:
1697 1086 1882 1156 ipsum

156 1161 302 1214 enim
350 1163 561 1214 tectum
611 1159 921 1229 antiquitus
965 1159 1335 1214 constitutum
1373 1161 1498 1231 plus
1541 1161 1673 1214 salis
1716 1180 1883 1248 quam

156 1239 409 1306 sumptus
458 1236 725 1289 habebat:
788 1235 847 1289 in
899 1253 1006 1305 quo
1054 1235 1195 1288 nihil
1243 1237 1630 1308 commutavit,
1677 1237 1787 1291 nisi
1835 1238 1884 1291 si

95 1328 120 1367 3
157 1312 288 1382 quid
327 1314 606 1366 vetustate
649 1315 872 1366 coactus
915 1314 1015 1364 est
1078 1329 1210 1365 usus
1253 1315 1340 1365 est
1378 1312 1606 1384 familia,
1648 1313 1696 1367 si
1735 1313 1884 1368 utili-

155 1391 272 1442 tate
313 1388 666 1442 iudicandum
708 1391 816 1457 est,
858 1387 1093 1472 optima,
1141 1387 1188 1441 si
1228 1386 1431 1459 forma,
1470 1389 1563 1442 vix
1603 1389 1883 1444 mediocri.

154 1482 392 1533 namque
440 1464 499 1517 in
547 1482 610 1516 ea
658 1466 816 1516 erant
862 1463 1020 1533 pueri
1068 1463 1490 1536 litteratissimi,
1542 1469 1884 1537 anagnostae

157 1539 354 1610 optimi
395 1542 451 1593 et
497 1539 724 1610 plurimi
771 1539 1009 1608 librarii,
1061 1542 1125 1591 ut
1170 1558 1238 1593 ne
1287 1540 1619 1610 pedisequus
1663 1542 1884 1611 quidem

157 1616 452 1686 quisquam
509 1618 678 1684 esset,
735 1615 829 1684 qui
879 1633 992 1668 non
1046 1618 1345 1686 utrumque
1399 1616 1600 1670 horum
1653 1618 1882 1687 pulchre

155 1691 334 1745 facere
374 1694 588 1761 posset,
629 1690 751 1761 pari
792 1691 955 1744 modo
998 1691 1239 1744 artifices
1282 1693 1478 1762 ceteri,
1519 1711 1658 1762 quos
1701 1694 1882 1747 cultus

95 1782 124 1821 4
157 1766 493 1821 domesticus
552 1766 860 1836 desiderat,
919 1767 1167 1836 apprime
1223 1767 1372 1821 boni.
1463 1786 1640 1838 neque
1696 1773 1885 1823 tamen

154 1843 356 1897 horum
409 1860 743 1912 quemquam
789 1842 899 1895 nisi
949 1843 1099 1896 domi
1137 1846 1333 1897 natum
1373 1843 1631 1914 domique
1671 1843 1885 1900 factum

154 1918 375 1973 habuit:
443 1918 588 1988 quod
644 1921 729 1972 est
795 1918 1017 1990 signum
1078 1936 1191 1972 non
1255 1919 1435 1974 solum
1495 1921 1884 1992 continentiae,

157 1995 252 2048 sed
277 1994 446 2047 etiam
472 1994 808 2066 diligentiae.
848 2013 978 2047 nam
1005 1998 1060 2047 et
1084 2013 1197 2048 non
1221 1995 1659 2065 intemperanter
1691 2016 1884 2051 concu-

154 2071 382 2141 piscere,
423 2070 569 2139 quod
596 2088 627 2122 a
651 2070 905 2140 plurimis
932 2070 1136 2140 videaS,
1177 2071 1513 2125 continentis
1539 2072 1704 2127 debet
1743 2073 1884 2143 duci,

156 2150 213 2200 et
251 2146 437 2216 potius
479 2145 754 2199 industria
795 2164 960 2215 quam
1000 2147 1180 2216 pretio
1213 2165 1409 2217 parare
1442 2166 1555 2202 non
1590 2149 1883 2203 mediocris

97 2235 122 2274 5
157 2225 243 2276 est
287 2222 624 2293 diligentiae.
696 2221 936 2306 eleganS,
990 2241 1102 2276 non
1150 2223 1494 2295 magnificUS,
1549 2224 1884 2296 splendiduS,

155 2316 267 2352 non
303 2301 685 2368 sumptuosus:
729 2297 1015 2367 omnisque
1057 2299 1348 2371 diligentia
1388 2299 1733 2371 munditiam,
1771 2319 1884 2355 non

158 2374 477 2428 afluentiam
504 2373 816 2427 affectabat.
858 2374 1106 2443 supellex
1131 2375 1362 2446 modica,
1385 2393 1498 2429 non
1522 2370 1714 2446 multa,
1738 2378 1841 2430 ut
1825 2396 1884 2431 111

96 2462 122 2502 6
156 2453 411 2503 neutram
436 2453 655 2519 partem
682 2449 926 2533 conspici
951 2453 1156 2534 posset.
1210 2469 1311 2504 nec
1336 2452 1667 2537 praeteribo,
1697 2471 1884 2523 quam-

157 2544 323 2595 quam
339 2526 619 2579 nonnullis
636 2526 754 2579 leve
772 2525 952 2578 visum
970 2525 1039 2578 iri
1056 2530 1262 2596 putem,
1282 2545 1406 2580 cum
1423 2527 1677 2597 inprimis
1695 2529 1882 2583 lautus

157 2605 305 2654 esset
338 2620 502 2670 eques
537 2601 821 2655 Romanus
855 2604 912 2654 et
946 2619 1058 2654 non
1089 2620 1286 2671 parum
1319 2602 1625 2657 liberaliter
1659 2604 1883 2659 domum

157 2695 315 2730 suam
366 2677 611 2730 omnium
661 2677 915 2731 ordinum
961 2677 1214 2731 homines
1263 2678 1550 2750 invitaret,
1605 2699 1716 2734 non
1772 2700 1882 2734 am-

156 2752 302 2823 plius
338 2771 503 2821 quam
537 2757 696 2807 terna
728 2753 883 2806 milia
907 2771 1178 2823 peraeque
1203 2753 1262 2806 in
1287 2754 1536 2826 singulos
1569 2774 1784 2810 menses
1818 2775 1883 2810 ex

97 2841 122 2881 7
159 2828 505 2898 ephemeride
532 2847 656 2882 eum
681 2847 981 2899 expensum
999 2829 1246 2899 sumptui
1270 2829 1414 2883 ferre
1433 2831 1675 2885 solitum.
1717 2835 1882 2902 atque

158 2903 263 2958 hoc
281 2921 394 2957 non
411 2904 676 2974 auditum,
704 2905 799 2958 sed
818 2906 1103 2977 cognitum
1124 2905 1530 2974 praedicamus:
1557 2925 1717 2977 saepe
1737 2907 1881 2960 enim

156 2983 386 3050 propter
427 2979 868 3034 familiaritatem
910 2980 1229 3034 domesticis
1271 2981 1435 3036 rebus
1477 2980 1846 3036 interfuimus,
