2019 3310
182 139 246 182 VI
386 137 843 185 DISCREPANTIA
876 135 1258 182 SCRIPTUR-AE
1289 134 1679 182 HALMIANAE.

192 265 219 311 ‘2
254 263 303 315 id
346 282 397 316 se
438 263 663 331 quoque]
707 268 757 314 et
797 281 848 314 se
890 280 1090 328 quoque
1129 263 1182 312 id
1296 265 1344 329 7,
1385 264 1419 312 4
1460 263 1684 313 differret
1722 263 1892 314 cuius·

179 346 256 392 vis
369 345 415 406 8,
451 345 479 391 2
515 343 567 390 111
598 341 891 406 Aegyptum
925 340 1068 389 iisset
1174 338 1449 403 eodemque
1480 340 1688 389 comites
1721 354 1893 389 omnes

181 418 536 466 accubuissent
581 417 773 466 vestitu
888 415 940 464 in
981 415 1059 464 his
1174 431 1275 463 non
1313 414 1632 465 beatissimos
1672 430 1779 466 esse

183 496 212 542 5
254 491 401 556 vilia]
441 493 531 541 illa

332 570 480 616 Emn.
525 570 572 631 1,
616 570 642 615 1
688 567 870 630 maior,
919 566 1006 615 sed
1053 565 1216 614 multo
1256 565 1508 614 illustrior
1547 567 1700 629 atque
1739 566 1895 615 etiam

181 644 498 708 honoratior,
547 641 684 706 quod
730 657 941 707 magnos
989 642 1216 690 homines
1255 641 1447 690 virtute
1487 640 1749 706 metimur,
1794 657 1896 690 non

182 721 389 768 fortuna
507 721 537 768 3
588 715 746 782 enim]
794 718 880 766 1110
1008 719 1060 781 3,
1102 711 1138 765 ’4
1194 713 1403 779 summi]
1452 732 1650 765 summa
1763 717 1822 780 4,
1863 718 1893 764 2
1979 708 2019 751 ⁷9

182 794 414 844 hostibus
535 795 590 858 5,
644 798 669 843 1
723 793 810 857 qui
860 793 1188 841 deseruerant
1301 793 1353 840 in
1399 791 1479 841 his
1598 793 1626 840 6
1669 791 1899 840 iumenta

184 869 348 918 nitida
467 872 521 934 6,
574 872 599 918 1
651 871 827 918 utrum
873 884 1088 933 regnum
1135 867 1412 930 repetitum
1458 868 1512 916 in
1551 865 1900 916 Macedoniam

184 945 382 995 veniret
423 938 565 1012 (nam
606 985 614 993 .
652 985 661 994 .
702 937 993 1010 habitabat)
1043 946 1094 992 et
1134 959 1218 992 eas
1257 958 1337 992 res
1458 945 1504 1008 7,
1548 945 1574 990 1
1619 958 1771 1006 quam
1812 941 1900 990 alii
2002 936 2007 940 ⁴

185 1020 520 1069 Macedonum
630 1021 678 1085 8,
721 1022 750 1068 2
795 1036 910 1069 cum
950 1018 1134 1082 quibus
1175 1018 1424 1082 steterint,
1464 1033 1619 1081 quam
1658 1017 1900 1066 adversus

189 1112 313 1160 quos
361 1096 574 1144 fecerint
692 1097 748 1159 9,
797 1097 826 1143 2
879 1093 1014 1158 (111οᾶ
1062 1093 1240 1142 diebus
1356 1095 1390 1141 4
1439 1091 1522 1156 ut]
1563 1095 1616 1141 et
1735 1096 1826 1157 11,
1869 1094 1899 1141 3

190 1172 485 1220 deuteretur
539 1172 675 1221 victo
846 1172 875 1220 5
928 1169 1267 1219 succubuerit.
1314 1184 1416 1217 non
1471 1165 1655 1231 [enim]
1709 1168 1902 1217 virtute

188 1247 435 1306 hostium,
489 1247 575 1296 sed
626 1247 905 1295 amicorum
959 1244 1168 1308 perfidia
1225 1238 1424 1293 decidi.'
1485 1259 1648 1307 neque
1694 1243 1747 1292 id
1794 1245 1904 1292 erat

190 1323 388 1372 falsum.
442 1319 583 1385 [nam
624 1325 674 1370 et
716 1362 723 1369 .
761 1362 769 1370 .
810 1318 1066 1383 venusta]
1187 1322 1279 1385 13,
1329 1322 1356 1367 1
1407 1319 1461 1367 in
1499 1319 1577 1368 his
1695 1320 1725 1367 2
1770 1318 1904 1382 (111οᾱ

191 1414 336 1447 1101110
455 1399 485 1447 3
530 1402 581 1447 et
618 1413 719 1446 uno
837 1399 870 1445 4
902 1394 962 1459 ii]
1003 1396 1057 1444 hi
1421 1453 1426 1458 .

348 1473 484 1522 Phoc.
537 1477 589 1538 1,
643 1476 668 1521 1
721 1473 889 1521 notior
935 1471 1204 1536 integritas
1337 1471 1369 1518 4
1416 1466 1503 1532 iis]
1551 1468 1631 1517 his
1766 1470 1822 1534 2,
1870 1470 1904 1519 4

193 1551 384 1613 populi,
425 1552 476 1598 et
582 1548 971 1597 Atheniensium
1080 1549 1128 1611 3,
1170 1548 1199 1594 2
1236 1546 1287 1593 111
1327 1545 1405 1594 his
1507 1546 1557 1609 4,
1601 1546 1628 1592 1
1664 1543 1829 1593 Piraei

196 1629 224 1674 2
268 1625 486 1674 facultas
527 1627 578 1673 et
618 1624 817 1673 dicendi
857 1637 1074 1672 causam.
1114 1621 1230 1670 inde
1270 1620 1459 1669 iudicio

347 1702 516 1750 Timol.
587 1703 639 1765 1,
706 1702 736 1749 3
800 1699 942 1764 regni
1005 1700 1177 1760 posset
1326 1699 1380 1760 2,
1446 1697 1475 1744 2
1535 1710 1684 1758 (1110111
1741 1697 1792 1742 et
1848 1710 1907 1742 ex

194 1780 384 1841 quanto
505 1778 552 1840 3,
597 1778 625 1824 2
670 1773 892 1839 detecta]
934 1773 1135 1822 deserta
1251 1773 1284 1820 4
1326 1771 1567 1834 obtinere,
1611 1769 1795 1818 maluit

196 1857 243 1918 5,
285 1855 314 1901 2
359 1848 611 1914 homines]
655 1866 825 1900 omnes
944 1852 973 1899 3
1017 1849 1078 1897 de
1119 1864 1218 1912 quo
1258 1847 1430 1912 vellet,
1468 1846 1673 1909 impune

345 1929 494 1976 Ham.
550 1931 601 1991 1,
652 1930 681 1975 5
732 1927 1006 1975 tenuerant
1123 1926 1178 1989 2,
1228 1925 1255 1972 2
1307 1919 1368 1986 11]
1421 1922 1475 1970 hi
1592 1923 1622 1970 3
1665 1920 1906 1984 impetra-

193 2005 294 2053 rint
411 2006 442 2052 4
486 2004 538 2051 in
577 2003 656 2051 his

345 2081 516 2128 Hann.
567 2081 621 2142 2,
683 2082 710 2126 2
755 2079 1051 2139 corruptum
1091 2075 1193 2123 alia
1232 2076 1386 2137 atque
1427 2074 1578 2122 antea
1617 2071 1802 2121 sentire

197 2159 242 2221 3,
286 2158 315 2205 3
360 2155 518 2204 duxit.
562 2154 751 2202 saltum
874 2154 906 2199 4
948 2148 1073 2215 qua]
1116 2166 1244 2213 quae
1363 2151 1411 2213 4,
1446 2151 1476 2198 3
1511 2149 1605 2196 hoc
1636 2146 1817 2195 itinere

195 2233 462 2280 etiamtum
559 2231 606 2294 5,
636 2231 661 2277 1
691 2228 949 2291 profectus
975 2229 1052 2275 est
1075 2226 1217 2274 nullo
1315 2227 1344 2274 2
1373 2224 1570 2274 obiecto
1594 2221 1710 2271 visu
1802 2222 1849 2284 6,
1877 2220 1905 2267 2

194 2305 335 2371 inde]
376 2308 429 2355 in
549 2307 596 2370 7,
638 2306 668 2353 3
711 2303 864 2352 etiam
905 2318 1037 2350 nunc
1147 2303 1179 2349 4
1220 2295 1521 2363 imperator]
1562 2297 1766 2360 praetor
1877 2296 1906 2343 6

198 2399 326 2432 anno
351 2384 469 2445 post
494 2375 837 2446 [praeturam]
923 2377 1154 2441 profugit
1245 2377 1293 2440 8,
1323 2378 1349 2424 1
1380 2369 1588 2438 quarto]
1613 2372 1765 2420 tertio
1845 2369 1909 2418 ad

200 2460 388 2508 bellum
414 2455 656 2507 Antiochi
690 2470 777 2518 spe
810 2452 1095 2515 fiduciaque
1121 2450 1499 2512 inducerentur,
1531 2446 1611 2496 cui
1692 2449 1722 2496 3
1759 2460 1911 2510 quam

198 2534 551 2597 Thermopylis
685 2531 717 2578 4
768 2528 1006 2578 conflixit.
1056 2543 1154 2589 quo
1282 2528 1337 2588 9,
1378 2525 1411 2572 4
1459 2523 1666 2572 tolleret
1715 2537 1907 2570 secum·

199 2627 295 2674 que
417 2611 500 2674 10,
546 2612 566 2657 1
615 2607 815 2656 Poenus
856 2603 1022 2652 illusis
1062 2600 1389 2651 Cretensibus
1431 2598 1663 2647 omnibus
1771 2611 1909 2646 exer-

199 2687 305 2736 cuit
423 2687 451 2732 2
497 2687 547 2733 et
586 2686 743 2731 terra:
787 2696 886 2744 quo
923 2678 1086 2743 magis
1118 2676 1357 2739 cupiebat
1388 2690 1503 2723 eum
1535 2671 1791 2722 Hannibal
1823 2687 1910 2733 op·

198 2762 361 2824 primi.
406 2759 490 2808 sed
534 2799 542 2807 .
578 2795 589 2807 .
631 2758 945 2807 societatem:
996 2769 1145 2818 quem
1272 2754 1356 2816 11,
1398 2752 1428 2799 3
1472 2749 1617 2798 cuius
1658 2747 1755 2798 etsi
1877 2746 1910 2794 4

199 2837 329 2900 petit
434 2838 519 2899 12,
553 2837 583 2883 5
620 2833 740 2897 quid
773 2833 906 2882 esset
1011 2831 1094 2894 13,
1129 2830 1158 2878 3
1195 2843 1255 2875 ex
1286 2826 1365 2875 his
1460 2824 1654 2875 Sosilus
1747 2819 1912 2870 Sosilo

353 2910 456 2960 Cat.
494 2912 541 2975 2,
579 2912 601 2957 1
651 2925 809 2972 exque
850 2922 910 2956 ea
1020 2907 1049 2954 2
1085 2903 1242 2967 priori
1342 2903 1389 2965 3,
1422 2902 1456 2950 4
1490 2901 1582 2949 aut
1611 2897 1792 2947 fierent
1823 2897 1915 2944 aut

351 2984 451 3035 Aa.
491 2988 536 3051 1,
578 2986 609 3032 4
652 2987 897 3047 perpetuo
938 2980 1094 3030 fuerit
1211 2980 1260 3044 3,
1303 2980 1332 3027 3
1374 2975 1643 3025 habebant.
1678 2972 1840 3037 igitur
1866 3010 1876 3020 .
1903 3009 1914 3018 .
