2164 3358
681 138 828 186 XXV.
863 136 1141 185 ATT1CUS.
1195 141 1235 182 9.
1268 141 1335 181 10.
1777 136 1885 190 105

125 268 284 325 nulla
323 269 460 322 erat.
539 285 654 321 non
695 266 878 321 solum
919 263 1149 334 inimici,
1191 261 1287 333 qui
1329 265 1451 315 tum
1493 265 1654 316 erant
1694 265 1886 333 poten-

128 344 338 402 tissimi
378 348 437 399 et
485 343 739 417 plurimi,
792 342 889 398 sed
930 340 1103 395 etiam
1147 339 1243 410 qui
1286 339 1622 393 adversariis
1665 338 1784 393 eius
1827 358 1885 394 se

127 422 497 479 venditabant
537 424 595 475 et
643 421 702 475 in
750 438 815 475 eo
865 417 1134 472 laedendo
1186 415 1436 487 aliquam
1486 419 1886 470 consecuturos

129 500 434 574 sperabant
475 497 964 566 commoditatem,
1006 493 1242 549 Antonii
1284 492 1592 547 familiares
1635 493 1889 564 inseque-

127 579 360 649 bantur,
407 594 641 632 uxorem
680 573 941 628 Fulviam
992 571 1252 626 omnibus
1304 571 1470 625 rebus
1515 571 1758 642 spoliare
1802 589 1890 625 cu-

129 656 377 729 piebant,
417 653 627 709 liberos
670 650 842 706 etiam
884 649 1242 722 exstinguere
1283 648 1578 720 parabant.
1644 648 1890 719 Atticus,
1925 665 1951 706 3

131 752 259 789 cum
299 730 587 789 Ciceronis
628 727 831 783 intima
872 726 1265 781 familiaritate
1307 729 1579 796 uteretur,
1622 725 1892 780 amicissi-

131 829 257 868 mus
298 811 450 865 esset
488 806 687 878 Brut0,
730 824 846 860 non
887 804 1053 859 modo
1094 803 1236 858 nihil
1279 803 1348 858 iis
1391 803 1628 857 indulsit
1671 804 1739 858 ad
1781 803 1892 857 An-

131 888 352 945 tonium
391 883 732 955 violandum,
777 882 874 938 sed
915 901 943 936 e
986 881 1270 937 contrario
1313 879 1622 935 familiares
1666 881 1784 934 eius
1827 899 1894 934 ex

130 966 270 1022 urbe
300 961 707 1036 profugientes,
749 963 1024 1033 quantum
1056 959 1260 1031 potuit,
1294 958 1453 1029 texit,
1488 957 1691 1029 quibus
1727 958 1893 1012 rebus

130 1042 512 1115 indiguerunt,
546 1038 776 1094 adiuvit.
834 1037 1038 1092 Publio
1071 1055 1202 1091 vero
1229 1034 1539 1090 Volumnio
1576 1054 1641 1090 ea
1675 1035 1894 1105 tribuit,
1928 1050 1957 1092 4

130 1124 197 1176 ut
227 1119 393 1192 plura
418 1137 452 1172 a
483 1119 716 1190 parente
749 1115 1033 1188 proficisci
1057 1133 1173 1169 non
1205 1113 1512 1186 potuerint.
1566 1112 1678 1184 ipsi
1704 1115 1895 1167 autem

130 1196 391 1267 Fulviae,
443 1213 571 1250 011111
619 1193 817 1248 litibus
869 1193 1234 1247 distineretur
1285 1191 1617 1263 magnisque
1671 1189 1896 1244 terrori-

131 1276 240 1330 bus
287 1275 609 1343 vexaretur,
666 1274 829 1325 tanta
878 1270 1174 1343 diligentia
1226 1268 1476 1323 officium
1527 1287 1691 1322 suum
1740 1285 1897 1339 prae-

134 1352 304 1424 stitit,
343 1354 410 1406 ut
447 1350 667 1405 nullum
708 1349 809 1402 illa
851 1347 1066 1403 stiterit
1107 1346 1491 1401 vadimonium
1527 1345 1648 1399 sine
1682 1344 1896 1416 Attico,

133 1431 348 1487 Atticus
404 1445 643 1500 sponsor
696 1425 949 1480 omnium
1006 1443 1193 1480 rerum
1249 1422 1436 1478 fuerit.
1520 1423 1655 1494 quin
1709 1422 1897 1493 etiam,
1931 1436 1958 1478 5

135 1527 264 1565 cum
319 1506 420 1560 illa
474 1504 711 1560 fundum
769 1503 1013 1559 secunda
1068 1501 1300 1556 fortuna
1349 1500 1582 1555 emisset
1637 1500 1697 1553 in
1751 1499 1899 1553 diem

133 1603 315 1659 neque
347 1586 481 1656 post
513 1581 898 1638 calamitatem
930 1598 1220 1635 versuram
1252 1577 1438 1633 facere
1471 1577 1769 1650 potuisset,
1802 1576 1897 1630 ille

135 1683 195 1720 se
235 1660 582 1733 interposuit
628 1659 1036 1731 pecuniamque
1079 1657 1197 1712 sine
1239 1655 1466 1711 faenore
1510 1655 1740 1726 sineque
1782 1653 1900 1708 ulla

136 1739 505 1813 stipulatione
548 1737 810 1808 credidit,
859 1736 1168 1790 maximum
1210 1733 1540 1788 existimans
1585 1734 1899 1803 quaestum,

136 1835 446 1874 memorem
486 1818 826 1889 gratumque
871 1813 1160 1886 cognosci,
1211 1811 1489 1882 simulque
1542 1809 1797 1881 aperiens
1841 1827 1899 1862 se

135 1915 253 1952 non
282 1894 562 1965 fortunae,
597 1892 695 1948 sed
726 1891 1053 1946 hominibus
1082 1890 1262 1944 solere
1290 1907 1412 1944 esse
1439 1888 1698 1942 amicum.
1759 1904 1898 1958 quae
1935 1903 1960 1942 6

139 1992 267 2030 011111
313 1970 584 2042 faciebat,
635 1988 801 2025 nemo
853 1987 980 2023 eum
1031 1967 1303 2039 temporis
1355 1984 1524 2021 causa
1573 1963 1757 2019 facere
1807 1982 1900 2034 po-

139 2053 290 2107 terat
330 2048 679 2105 existimare:
727 2046 939 2101 nemini
982 2046 1131 2100 enim
1172 2045 1231 2099 in
1273 2043 1599 2115 opinionem
1640 2040 1901 2095 veniebat

138 2127 455 2186 Antonium
503 2144 692 2180 rerum
740 2124 1072 2196 potiturum.
1155 2122 1251 2177 sed
1295 2139 1490 2176 sensus
1534 2120 1651 2173 eius
1696 2138 1727 2172 a
1768 2136 1901 2171 non·
1936 2133 1960 2173 7

137 2206 311 2262 nullis
338 2203 712 2277 optimatibus
738 2201 1270 2274 reprehendebatur,
1306 2198 1455 2271 quod
1479 2215 1679 2268 parum
1716 2195 1901 2249 odisse

140 2284 321 2340 malos
364 2281 512 2337 cives
554 2280 855 2335 videretur.
935 2278 1030 2333 ille
1075 2281 1288 2349 autem,
1332 2276 1419 2331 sui
1461 2273 1667 2343 iudicii,
1710 2272 1901 2343 potius

142 2360 277 2433 quid
325 2378 384 2415 se
432 2358 616 2414 facere
669 2376 774 2430 par
822 2360 972 2412 esset
1023 2356 1352 2410 intuebatur
1403 2370 1570 2424 quam
1622 2349 1754 2420 quid
1805 2348 1904 2402 alii

141 2437 426 2493 laudaturi
466 2435 670 2491 forent.

297 2512 582 2570 Conversa
623 2512 812 2568 subito
854 2511 1085 2567 fortuna
1127 2513 1227 2565 est.
1301 2512 1364 2562 ut
1406 2505 1692 2562 Antonius
1735 2503 1905 2558 rediit
1926 2504 1996 2559 10

143 2592 203 2646 in
258 2589 510 2663 Italiam,
565 2609 734 2646 nemo
790 2608 906 2644 non
961 2606 1168 2661 magno
1227 2586 1285 2640 in
1343 2583 1593 2655 periculo
1644 2581 1903 2636 Atticum

144 2671 376 2741 putarat
422 2672 656 2740 propter
704 2667 967 2723 intimam
1016 2663 1468 2720 familiaritatem
1510 2659 1797 2716 Ciceronis
1849 2663 1905 2711 et

145 2746 326 2804 Bruti.
416 2745 609 2816 itaque
667 2746 738 2800 ad
803 2745 1107 2799 adventum
1173 2742 1582 2811 imperatorum
1649 2737 1714 2790 de
1781 2735 1902 2789 foro
1940 2748 1964 2787 2

145 2824 496 2893 decesserat,
552 2823 760 2877 timens
808 2820 1314 2894 proscriptionem,
1372 2816 1698 2885 latebatque
1759 2812 1905 2883 apud

144 2899 206 2956 P.
247 2898 644 2970 Volumnium,
684 2898 791 2970 cui,
830 2902 895 2953 ut
938 2897 1315 2964 ostendimuS,
1357 2893 1526 2965 paulo
1570 2895 1698 2945 ante
1744 2907 1905 2959 opem

143 2978 357 3034 tulerat
405 2974 592 3049 (tanta
639 2975 883 3030 varietas
937 2975 1007 3030 iis
1058 2971 1408 3044 temporibus
1467 2969 1576 3024 fuit
1633 2968 1905 3033 fortunae,

144 3059 211 3111 ut
251 3053 419 3110 modo
468 3052 553 3125 hi,
605 3051 772 3107 modo
813 3052 898 3105 illi
940 3052 999 3105 in
1041 3068 1261 3106 summo
1305 3051 1494 3103 essent
1536 3049 1632 3100 aut
1675 3041 1903 3112 fastigio
