2164 3358
625 161 827 209 INDEX
859 157 1355 208 GEOGRAPHICUS.

112 286 475 350 Paphlagonia,
507 287 635 346 reyio
667 284 938 345 septentrio-

173 350 303 398 nalis
357 350 505 395 Asiae
560 348 789 403 minoris;
850 344 938 391 Pa-

172 410 373 471 phlago,
407 411 565 457 incola
596 411 710 455 eius.

111 471 383 530 Paraetaci,
414 485 526 532 qens
558 471 792 517 Asiatica.

111 532 279 592 Parus,
311 548 413 581 una
437 548 494 580 ex
526 532 698 579 insulis
723 530 940 591 chladi-

175 596 293 651 bus;
324 594 508 651 Parius,
542 594 700 641 incola
732 595 845 638 eius.

112 656 488 716 Peloponnesus,
495 655 785 715 paeninsula
795 652 942 700 Grae-

174 733 232 766 ca
264 719 324 776 (h.
361 718 574 789 paona»
605 716 772 763 adiect.
803 713 940 761 Pelo-

173 793 445 839 ponnesius.

111 841 463 901 Pergamenus,
508 853 567 887 ea:
611 835 841 900 Perydmo
886 838 940 885 in

173 904 296 950 Asia
326 902 519 949 minore.

111 963 296 1019 Perses,
320 976 413 1021 -ae,
437 963 595 1010 incola
613 962 655 1010 1)
670 962 806 1021 reyni
826 961 940 1008 Per·

170 1025 286 1082 sici,
339 1026 389 1082 2)
435 1026 643 1084 reqionis
693 1023 940 1079 Persidis;

171 1087 341 1134 adiect.
376 1085 608 1133 Persicus.

112 1146 292 1206 Persis,
326 1147 458 1205 adis,
492 1149 620 1208 reyio
652 1147 814 1194 Asiae.

112 1208 398 1268 Phalereus,
431 1210 545 1267 ϊέἰ,
589 1223 648 1257 ex
678 1210 781 1257 vico
813 1208 941 1256 Pha-

173 1272 273 1318 lero
303 1271 358 1318 in
389 1271 578 1328 Attica,
622 1271 734 1318 inde
765 1269 938 1317 Phale-

173 1332 306 1379 ricus
338 1336 520 1392 portus.

110 1392 298 1441 Pherae
313 1426 327 1449 ,
358 1395 473 1442 urbs
507 1394 775 1442 Messeniae
807 1393 941 1452 (Con.

110 1515 370 1575 Pheraeus,
404 1531 462 1563 eae
493 1518 609 1565 urbe
637 1517 807 1564 Pheris
834 1519 940 1576 (Φε-

172 1579 271 1637 ραί)
305 1581 359 1625 in
394 1578 637 1626 Thessalia
661 1580 782 1636 (Pel.
803 1585 850 1636 5,
878 1581 939 1637 1).

110 1638 422 1701 Philippense
447 1641 700 1700 proelium,
736 1642 800 1687 ad
825 1641 939 1687 Phi-

171 1701 339 1774 lippos·
397 1703 557 1750 urbem
624 1703 941 1750 Macedoniae

172 1777 478 1812 commissum.

111 1823 395 1884 Phoenices,
421 1826 636 1885 populus
668 1826 830 1874 Asiae.

111 1883 338 1946 Phrygia,
370 1889 498 1948 reyio
531 1887 679 1935 Asiae
709 1889 940 1945 minori&

172 1946 405 2008 Phryges,
437 1950 539 1996 eius
570 1950 767 1997 incolae.

112 2007 279 2069 Phyle,
312 2011 551 2058 castellum
583 2013 785 2059 Atticae.

111 2069 325 2129 Piraeus,
352 2077 524 2131 portus
554 2072 866 2121 Athenarum.

110 2131 332 2188 Pis'ldae,
375 2134 581 2193 populus
613 2135 760 2182 Asiae
792 2136 940 2182 mino-

173 2195 244 2240 ris
277 2194 609 2254 Cappadociae
639 2198 852 2254 confinis.

111 2252 341 2302 Plataeae
359 2295 369 2313 ,
402 2258 518 2304 urbs
549 2258 798 2315 Boeotiae;
830 2257 939 2304 Pla-

171 2318 407 2375 taeenseS,
440 2320 540 2365 eius
573 2320 706 2367 cives.

111 2374 261 2425 Poeni
286 2401 342 2418 =
362 2377 819 2440 Karthaginienses;
853 2382 937 2428 ad-

172 2440 273 2486 iect.
306 2439 541 2488 Poenicus
576 2447 617 2489 et
649 2443 872 2488 Punicus.

111 2497 308 2560 Pontus,
352 2505 396 2561 1)
421 2525 479 2543 -ι
504 2503 687 2550 Pontus
724 2504 937 2550 Euxinus

177 2562 282 2619 (das
310 2564 542 2612 schwarze
576 2567 754 2625 Meer),
787 2569 834 2624 2)
868 2581 937 2613 re·

172 2623 494 2731 mmm
508 2628 708 2675 minoris
724 2628 789 2675 ad
809 2628 935 2675 Pon-

197 2700 225 2730 u
349 2700 566 2735 uminum.

111 2744 391 2806 Propontis,
431 2761 561 2795 mare
599 2750 724 2798 inter
754 2765 813 2797 m.
847 2766 935 2798 me-

173 2807 494 2855 diterraneum
508 2813 550 2856 et
563 2809 767 2859 Pontum
780 2812 938 2859 Euoei·

173 2883 289 2915 num
323 2869 384 2927 (h.
420 2869 830 2932 Marmarameer).

110 2928 296 2988 Pydna,
327 2934 441 2978 urbs
476 2931 802 2982 Macedoniae.

110 2989 386 3050 Pyrenaeus
428 2992 609 3050 saltus,
655 2994 781 3042 inter
821 2995 938 3043 Gal·

171 3053 288 3101 liam
320 3058 363 3102 et
395 3052 707 3113 Hispaniam.

1755 156 1858 209 117

1035 281 1297 390 nginalis
1313 280 1468 338 collis,
1485 294 1614 327 unus
1628 294 1683 326 ccc
1696 283 1861 339 septem

1146 357 1288 390 omae.

1034 435 1297 482 Rhodanus
1329 434 1517 491 fluvius,
1550 435 1593 481 72.
1624 432 1801 479 Rhone.

1034 497 1238 556 Rhodii,
1271 497 1454 544 incolae
1486 496 1672 542 insulae
1705 495 1866 542 Rhodi

1097 560 1150 605 in
1182 560 1306 605 mari
1338 560 1539 617 Aeyaeo.

1035 621 1207 677 Roma,
1240 620 1460 666 Romani.

1035 682 1234 728 rubrum
1275 695 1431 738 mare,
1473 682 1646 737 fretum
1690 682 1864 729 Arabi-

1097 758 1203 790 cum
1235 749 1277 792 et
1314 743 1573 790 Persicum.

1036 851 1222 909 Sabini,
1254 865 1367 911 qens
1399 851 1577 898 Italiae
1610 853 1800 900 mediae.

1036 916 1323 973 Saguntum,
1357 914 1471 959 urbs
1504 914 1789 973 Hispaniae.

1036 975 1259 1032 Salamis,
1285 975 1448 1022 insula
1458 989 1610 1035 prope
1625 977 1865 1033 Atticam;

1096 1038 1264 1084 adieci.
1301 1037 1607 1084 Salaminius.

1035 1099 1417 1156 Samothraecia,
1451 1101 1614 1146 insula
1640 1102 1704 1147 ad
1727 1102 1863 1147 meri·

1092 1162 1214 1208 diem
1253 1160 1507 1207 Thraeciae
1538 1164 1647 1209 sita.

1036 1222 1223 1280 Samus,
1242 1225 1404 1269 insula
1421 1228 1463 1270 et
1477 1226 1624 1285 oppid
1631 1240 1702 1270 um
1715 1239 1865 1284 prope

1097 1286 1210 1331 litus
1245 1285 1429 1332 Ioniae.

1039 1346 1286 1403 Sardinia,
1327 1348 1490 1393 insula
1532 1349 1739 1404 Italica,·
1780 1349 1863 1394 ad-

1098 1411 1199 1454 iect.
1236 1408 1573 1455 Sardiniensis.

1039 1470 1219 1527 Sardis,
1254 1478 1398 1530 caput
1432 1472 1631 1532 Lydiac.

1038 1531 1222 1590 Scyrus,
1256 1534 1417 1579 insula
1452 1533 1648 1580 Graeca.

1038 1595 1263 1652 Scythae,
1285 1609 1397 1655 qens
1414 1594 1644 1655 Europae
1660 1599 1702 1642 et
1720 1595 1864 1642 Asiae

1095 1657 1489 1715 septentrionalis.

1037 1718 1176 1776 Sena,
1198 1719 1425 1777 oppidum
1451 1718 1670 1766 Umbriae
1687 1720 1740 1765 in
1759 1720 1863 1765 Ita-

1096 1781 1165 1825 lia
1197 1782 1450 1839 superiore.

1036 1841 1218 1898 Sestus,
1252 1843 1366 1888 urbs
1393 1842 1663 1890 Chersonesi
1689 1843 1731 1888 T
1731 1844 1863 1890 hrae-

1096 1904 1196 1950 ciae
1229 1904 1294 1950 ad
1326 1904 1695 1963 Hellespontum.

1037 1964 1224 2022 Sicilia,
1258 1967 1421 2012 insula
1455 1967 1661 2026 Italica3
1697 1966 1861 2023 Siculi,

1096 2028 1196 2073 eius
1228 2028 1422 2074 incolae.

1038 2088 1249 2147 Sigeum,
1260 2091 1649 2148 promunturium
1671 2094 1709 2135 et
1729 2091 1861 2149 oppi-

1096 2153 1209 2196 dum
1228 2153 1292 2198 ad
1316 2151 1430 2198 litus
1454 2151 1652 2199 Troadis
1670 2154 1722 2197 in
1740 2153 1861 2197 Asia

1094 2214 1287 2260 minore.

1036 2272 1227 2332 Sparta,
1261 2275 1527 2333 Spartanus
1548 2297 1603 2312 ιιι
1623 2273 1859 2320 Lacedae-

1096 2349 1223 2392 mon,
1258 2336 1682 2382 Lacedaemonius,

1033 2396 1277 2455 Strymon,
1311 2398 1452 2456 -onis,
1484 2399 1660 2456 fluvius
1686 2398 1728 2443 T
1727 2399 1859 2445 hrae-

1093 2460 1206 2505 ciae.

1033 2519 1314 2579 Syracusae,
1342 2521 1456 2566 urbs
1473 2519 1694 2576 Siciliae,·
1721 2519 1859 2579 Syra·

1095 2587 1314 2638 cusanus,
1349 2583 1448 2627 eius
1482 2584 1610 2628 civis.

1035 2642 1185 2701 Syria,
1219 2645 1346 2702 reyio
1379 2645 1526 2690 Asiae
1559 2645 1770 2691 minoris.

1032 2750 1329 2807 Taenarum,
1381 2753 1763 2809 promunturium
1820 2757 1859 2797 ct

1096 2814 1320 2871 oppidum
1355 2813 1635 2859 Laconicae.

1033 2872 1317 2929 Tarentum,
1362 2876 1475 2920 urbs
1517 2876 1694 2921 Italiae
1739 2875 1857 2930 insc-

1095 2937 1264 2991 rioris;
1289 2936 1598 2991 Tarentinus,
1616 2938 1714 2982 eius
1728 2937 1857 2981 civis.

1033 2994 1245 3055 Taurus,
1301 2999 1527 3043 montium
1578 3002 1757 3043 tractus
1805 2998 1858 3041 in

1098 3059 1219 3104 Asia
1252 3059 1441 3105 minore.
