2019 3310
248 172 319 222 14
754 164 808 209 11.
842 162 1315 210 Tasms‘roctss.
1367 169 1435 209 ιο.

243 288 417 359 bant),
442 287 801 357 Lampsacum
827 288 1024 355 autem,
1047 284 1186 338 unde
1205 284 1390 338 vinum
1414 288 1667 353 sumeret,
1685 284 1932 357 Myunta,

244 383 309 418 ex
349 382 455 433 qua
494 362 780 414 obsonium
820 359 1062 412 haberet.

392 436 566 489 Huius
615 434 680 487 ad
727 437 973 486 nostram
1022 433 1340 486 memoriam
1387 437 1738 488 monumenta
1783 453 1931 489 man·

245 516 433 565 serunt
472 510 600 562 duo:
642 509 948 578 sepulcrum
989 526 1155 577 prope
1197 506 1469 576 oppidum,
1507 506 1566 560 in
1597 525 1704 578 quo
1736 513 1822 562 est
1854 527 1931 562 se-

184 603 211 641 ⁴
244 587 444 656 pultus,
477 589 660 636 statua
693 583 748 635 in
781 582 899 634 foro
925 581 1252 653 Magnesiae.
1307 581 1371 634 de
1404 581 1556 635 cuius
1589 584 1766 636 morte
1798 583 1933 636 mul-

245 660 464 712 timodis
506 657 645 727 apud
687 657 973 726 plerosque
1015 656 1278 724 scriptum
1311 659 1410 723 est,
1450 655 1543 708 sed
1573 673 1675 709 nos
1706 656 1934 710 eundem
2016 711 2017 714 ,

244 734 589 803 potissimum
614 731 982 799 Thucydidem
1009 735 1286 782 auctorem
1319 729 1629 799 probamus,
1662 729 1755 799 qui
1778 729 1936 784 illum

245 809 323 861 ait
376 806 687 877 Magnesiae
746 805 933 858 morbo
991 808 1265 856 mortuum
1321 821 1493 872 neque
1548 807 1714 874 negat
1768 802 1936 857 fuisse

246 884 463 949 famam,
503 898 766 933 venenum
806 897 904 932 sua
944 882 1137 947 sponte
1178 878 1488 947 sumpsisse,
1528 895 1650 931 cum
1686 895 1759 947 se,
1799 896 1936 947 quae

246 957 360 1027 regi
404 956 467 1007 de
503 953 729 1006 Graecia
764 953 1113 1022 opprimenda
1152 952 1428 1020 pollicitus
1461 955 1622 1020 esset,
1659 957 1937 1021 praestare

188 1049 212 1085 5
246 1048 404 1100 posse
456 1029 780 1096 desperaret.
861 1026 1002 1078 idem
1044 1043 1168 1078 ossa
1208 1026 1322 1078 eius
1363 1025 1503 1079 clam
1542 1026 1599 1079 in
1639 1026 1828 1079 Attica
1867 1027 1935 1079 ab

247 1105 434 1157 amicis
462 1103 689 1171 sepulta,
714 1101 970 1170 quoniam
997 1099 1207 1169 legibus
1234 1117 1342 1152 non
1366 1099 1765 1171 concederetur,
1791 1100 1935 1171 quod

247 1177 568 1246 proditionis
610 1179 754 1228 essct
793 1174 1096 1240 damnatu8‚
1138 1173 1430 1227 memoriae
1468 1172 1722 1242 prodidit.

803 1429 908 1488 111.
956 1427 1390 1488 ARISTIDES.

188 1553 209 1602 1
398 1546 691 1613 Aristides,
731 1543 1041 1613 Lysimachi
1083 1544 1249 1611 filius,
1290 1542 1657 1612 Atheniensis,
1700 1543 1940 1614 aequalis

249 1623 358 1674 fere
400 1621 503 1674 fuit
534 1619 889 1672 Themistocli
932 1623 1093 1687 atque
1127 1637 1247 1671 cum
1282 1635 1344 1670 eo
1376 1616 1440 1670 de
1473 1616 1787 1687 principatu
1820 1634 1940 1670 con·

190 1713 215 1751 2
249 1695 446 1749 tendit:
517 1712 748 1762 namque
789 1694 1169 1746 obtrectarunt
1210 1693 1352 1745 inter
1390 1708 1462 1743 se.
1539 1691 1593 1743 in
1634 1690 1718 1744 his
1757 1694 1940 1744 autem

250 1771 530 1842 cognitum
579 1773 686 1836 est,
735 1772 938 1836 quanto
988 1770 1288 1819 antestaret
1335 1765 1647 1834 eloquentia
1694 1766 1941 1819 innocen·

250 1845 372 1897 tiae.
451 1860 778 1912 quamquam
819 1842 963 1894 enim
1003 1841 1135 1893 adeo
1176 1839 1475 1894 excellebat
1514 1838 1782 1893 Aristides
1823 1839 1942 1893 abs·

251 1918 506 1985 tinentia,
562 1922 622 1969 ut
671 1934 805 1968 unus
863 1919 989 1985 post
1048 1915 1327 1968 hominum
1383 1913 1727 1983 memoriam,
1778 1931 1940 1983 quem

252 1993 467 2063 quidem
509 2010 606 2043 nos
648 1990 1000 2057 audierimus,
1048 1988 1368 2059 cognomine
1417 1985 1600 2040 Iustus
1648 1988 1724 2040 sit
1762 1987 1941 2058 appel-

252 2067 419 2135 latus,
468 2070 647 2117 tamen
689 2084 719 2116 a
758 2063 1125 2116 Themistocle
1165 2060 1553 2116 collabefactus
1594 2060 1798 2115 testula
1847 2060 1943 2114 illa

193 2158 218 2195 3
252 2141 413 2194 exilio
453 2141 636 2193 decem
678 2157 940 2191 annorum
984 2137 1245 2191 multatus
1278 2140 1376 2189 est.
1443 2136 1534 2205 qui
1568 2135 1785 2206 quidem
1818 2152 1943 2189 cum

254 2214 594 2285 intellegeret
620 2213 837 2281 reprimi
864 2213 1192 2265 concitatam
1213 2209 1615 2263 multitudinem
1634 2227 1742 2263 non
1768 2226 1942 2279 posse,

254 2290 551 2358 cedensque
585 2286 1058 2340 animadvertisset
1091 2284 1357 2354 quendam
1383 2284 1727 2352 scribentem,
1760 2288 1822 2336 ut
1854 2301 1943 2353 pa·

256 2365 360 2416 tria
393 2363 699 2433 pelleretur,
731 2361 1004 2430 quaesisse
1032 2360 1099 2412 ab
1125 2378 1188 2412 eo
1221 2358 1435 2426 dicitur,
1466 2374 1631 2428 quare
1657 2357 1708 2410 id
1742 2357 1946 2411 faceret

256 2444 349 2489 aut
376 2437 502 2505 quid
531 2435 798 2490 Aristides
825 2434 1204 2500 commisisset,
1237 2451 1332 2486 cur
1364 2436 1520 2486 tanta
1552 2448 1726 2502 poena
1748 2431 1944 2516 dignus

198 2527 221 2564 -z
255 2512 552 2564 duceretur.
631 2510 714 2563 eui
769 2509 859 2561 ille
912 2507 1191 2577 respondit
1241 2524 1298 2558 se
1350 2506 1602 2577 ignorare
1652 2505 1946 2575 Aristiden,

256 2585 346 2637 scd
389 2586 493 2636 sibi
535 2603 641 2637 non
683 2585 917 2653 placere,
957 2581 1099 2651 quod
1141 2585 1253 2634 tam
1294 2580 1484 2651 cupide
1526 2580 1846 2650 laborasset,
1883 2582 1946 2632 nt

197 2676 222 2711 z,
257 2663 471 2729 praeter
512 2662 719 2711 ceteros
765 2657 945 2710 Iustus
986 2655 1366 2725 appellaretur.
1434 2654 1521 2709 hic
1562 2654 1745 2709 decem
1784 2669 1947 2708 anno·

257 2752 375 2787 rum
419 2733 716 2801 legitimam
759 2749 987 2802 poenam
1029 2747 1133 2782 non
1178 2728 1417 2799 pertulit.
1488 2746 1614 2783 nam
1654 2730 1947 2800 pontquam

258 2805 460 2861 Xerxes
505 2806 556 2858 in
599 2806 880 2859 Graeciam
922 2802 1214 2870 descendit,
1255 2808 1409 2856 sexto
1449 2802 1560 2857 fere
1600 2818 1743 2857 anno
1782 2818 1947 2872 quam

258 2885 375 2934 erat
415 2880 693 2949 expulsus,
741 2879 925 2949 populi
974 2877 1112 2932 scito
1156 2877 1207 2931 in
1249 2878 1482 2947 patriam
1523 2875 1810 2931 restitutus
1845 2877 1947 2960 est.

199 2957 235 3006 2
411 2954 666 3008 Interfuit
721 2958 900 3006 autem
958 2968 1168 3023 pugnae
1225 2952 1403 3006 navali
1457 2949 1602 3023 apud
1654 2946 1949 3020 Salamina,
