2164 3358
671 139 818 187 xxv.
855 138 1138 186 ATTICUS.
1189 143 1326 185 5—7.
1762 142 1870 195 103

120 266 540 338 difficillimum,
589 265 872 322 efficiebat
918 268 1006 336 ut,
1055 265 1203 319 inter
1255 283 1395 336 quos
1449 267 1639 319 tantae
1690 265 1871 320 laudis

119 347 272 402 esset
320 343 648 415 aemulatiO,
699 343 856 398 nulla
903 341 1275 396 intercederet
1317 341 1658 396 obtrectatio
1702 346 1872 396 esset-

119 439 228 495 que
268 421 469 477 talium
510 421 760 475 virorum
800 419 1016 490 copula.

272 497 339 553 In
380 516 439 553 re
487 497 715 570 publica
755 496 838 551 ita
879 498 966 550 est
1015 498 1293 566 versatus,
1346 499 1411 550 ut
1460 514 1680 566 semper
1729 496 1870 566 opti·

119 594 340 631 marum
372 574 620 647 partium
653 576 711 628 et
743 575 893 627 esset
916 575 974 627 et
999 572 1433 644 existimaretur,
1466 591 1645 644 neque
1681 575 1868 627 tamen

120 671 180 708 se
230 652 490 709 civilibus
545 650 811 705 fluctibus
863 649 1269 720 committeret,
1328 649 1477 721 quod
1525 668 1639 704 non
1688 650 1869 721 magis

121 748 218 786 eos
257 729 318 784 in
357 746 460 784 sua
497 730 783 799 potestate
825 726 1190 780 existimabat
1232 744 1368 797 esse,
1412 727 1508 798 qui
1550 745 1609 781 se
1650 726 1739 781 his
1783 727 1870 781 de-

120 806 353 878 dissent,
392 821 558 876 quam
593 803 691 875 qui
724 803 1025 858 maritimis
1059 804 1421 858 iactarentur.
1481 804 1724 858 honores
1757 822 1915 858 non

119 882 304 956 petiit,
343 899 470 937 cum
511 880 563 936 ei
602 884 863 953 paterent
903 885 1138 952 propter
1171 880 1258 935 vel
1290 881 1538 966 gratiam
1572 881 1660 935 vel
1695 822 1930 966 digni:-z

121 962 322 1015 tatem.
386 957 536 1030 quod
581 976 762 1029 neque
818 958 937 1030 peti
987 976 1140 1013 more
1191 958 1469 1012 maiorum
1516 976 1695 1029 neque
1748 957 1872 1028 capi

116 1038 352 1109 possent
402 1035 749 1090 conservatis
805 1034 1027 1107 legibus
1085 1035 1144 1089 in
1201 1039 1319 1090 tam
1376 1035 1565 1090 effusis
1624 1034 1871 1089 ambitus

117 1111 518 1187 largitionibus
575 1130 754 1184 neque
806 1114 922 1183 yeri
970 1131 999 1166 e
1050 1131 1109 1166 re
1167 1112 1395 1184 publica
1444 1112 1563 1166 sine
1620 1112 1869 1183 periculo

119 1189 402 1262 corruptis
436 1188 684 1244 civitatis
721 1189 989 1244 moribus.
1046 1189 1115 1244 ad
1140 1189 1365 1243 hastam
1397 1189 1682 1261 publicam
1715 1208 1871 1243 num·
1905 1204 1931 1243 3

120 1285 291 1339 quam
338 1265 589 1322 accessit.
668 1266 878 1321 nullius
928 1266 1009 1320 rei
1057 1285 1237 1337 neque
1287 1285 1449 1338 praes
1499 1285 1677 1337 neque
1721 1285 1871 1320 man·

120 1362 251 1416 ceps
298 1341 483 1398 factus
533 1346 635 1398 est.
714 1344 994 1398 neminem
1042 1362 1222 1415 neque
1273 1362 1373 1398 suo
1422 1344 1649 1398 nomine
1690 1362 1869 1414 neque

120 1420 480 1477 subscribens
521 1421 821 1492 accusavit,
861 1421 921 1475 in
961 1420 1047 1475 ius
1090 1420 1155 1475 de
1200 1439 1300 1475 sua
1341 1439 1398 1474 re
1440 1439 1748 1491 numquam
1788 1420 1885 1489 iit,-

119 1497 388 1553 iudicium
434 1496 653 1552 nullum
709 1497 925 1552 habuit.
1006 1497 1316 1552 multorum
1366 1498 1660 1552 consulum
1718 1515 1871 1582 prae·
1905 1511 1933 1551 4

118 1578 419 1662 torumque
451 1573 833 1661 praefecturas
868 1575 1084 1629 delatas
1120 1575 1200 1629 sic
1226 1575 1458 1647 accepit,
1492 1579 1555 1629 ut
1591 1574 1872 1628 neminem

117 1651 177 1707 in
224 1651 574 1724 provinciam
623 1651 699 1706 sit
752 1656 1001 1723 secutUS,
1055 1652 1270 1706 honore
1328 1650 1500 1707 fuerit
1558 1655 1872 1722 contentuS,

117 1728 200 1784 rei
239 1727 536 1784 familiaris
578 1728 894 1800 despexerit
934 1728 1207 1784 fructum:
1250 1729 1346 1800 qui
1386 1748 1454 1783 ne
1498 1748 1624 1784 cum
1660 1727 1870 1792 Quinto

119 1804 346 1878 quidem
392 1803 662 1862 Cicerone
711 1806 955 1861 voluerit
1009 1807 1090 1860 ire
1149 1807 1208 1860 in
1255 1806 1484 1878 Asiam,
1541 1825 1667 1861 cum
1725 1805 1871 1877 apud

120 1899 249 1937 eum
285 1883 464 1956 legati
503 1882 691 1937 locum
733 1883 988 1938 obtinere
1042 1888 1250 1954 posset.
1332 1902 1446 1938 non
1486 1883 1635 1938 enim
1678 1883 1869 1938 decere

120 1976 180 2014 se
212 1959 612 2031 arbitrabatur,
652 1979 779 2015 cum
813 1964 1137 2032 praeturam
1171 1978 1364 2033 gerere
1397 1961 1690 2031 noluisset,
1727 1979 1871 2014 asse-

119 2036 266 2092 clam
314 2054 436 2092 esse
484 2038 780 2109 praetoris.
861 2056 971 2108 qua
1019 2037 1077 2092 in
1126 2056 1184 2091 re
1224 2056 1339 2092 non
1380 2037 1563 2093 solum
1605 2038 1868 2123 dignitati
1904 2052 1930 2091 5

119 2113 424 2186 serviebat,
480 2114 578 2169 sed
630 2114 803 2169 etiam
855 2115 1285 2186 tranquillitati,
1342 2133 1467 2170 cum
1525 2115 1868 2200 suspiciones

118 2208 342 2262 quoque
389 2190 598 2245 vitaret
646 2192 959 2247 criminum.
1041 2211 1150 2263 quo
1200 2192 1374 2247 fiebat
1421 2196 1486 2246 ut
1526 2192 1642 2245 eius
1686 2191 1870 2244 obser·

118 2267 312 2323 vantia
359 2268 619 2323 omnibus
668 2273 820 2324 esset
869 2268 1074 2341 carior,
1131 2287 1258 2324 cum
1316 2288 1438 2324 eam
1492 2267 1701 2338 offici0,
1757 2286 1869 2322 non

120 2342 314 2400 timori
352 2363 534 2417 neque
577 2345 696 2417 spei
737 2346 914 2401 tribui
955 2346 1222 2401 viderent.

271 2419 481 2478 Incidit
515 2420 920 2478 Caesarianum
963 2424 1124 2478 civile
1168 2424 1392 2477 bellum.
1468 2441 1593 2476 cum
1635 2421 1871 2475 haberet
1906 2422 1933 2475 7

1906 497 1937 550 m

122 2514 298 2553 annos
344 2499 570 2555 circiter
619 2500 936 2573 sexaginta,
992 2519 1126 2556 usus
1181 2504 1268 2554 est
1325 2500 1526 2553 aetatis
1577 2498 1868 2552 vacatione

121 2590 302 2645 neque
340 2593 401 2630 so
441 2594 723 2648 quoquam
765 2578 944 2632 movit
985 2596 1051 2632 ex
1091 2578 1244 2632 urbe.
1326 2595 1465 2646 quae
1515 2575 1710 2630 amicis
1754 2576 1868 2629 suis

122 2667 264 2721 opus
302 2648 527 2708 fuerant
565 2653 635 2708 ad
667 2653 1000 2726 Pompeium
1034 2653 1538 2726 proficiscentibus,
1581 2652 1770 2707 omnia
1803 2672 1868 2705 ex

122 2743 225 2780 sua
263 2744 322 2781 re
360 2725 628 2784 familiari
670 2731 849 2802 dedit,
905 2732 1091 2803 ipsum
1135 2730 1465 2801 Pompeium
1508 2730 1866 2784 coniunctum

119 2820 235 2858 non
275 2802 521 2859 offendit.
581 2807 801 2862 nullum
842 2809 913 2862 ab
955 2827 1021 2862 eo
1063 2808 1309 2861 habebat
1351 2811 1765 2875 ornamentum,
1807 2810 1928 2859 ut‘z

121 2879 309 2952 ceteri,
349 2880 446 2952 qui
485 2898 587 2952 per
617 2901 746 2940 eum
778 2889 878 2939 aut
910 2885 1150 2939 honores
1186 2888 1285 2938 aut
1318 2884 1544 2938 divitias
1579 2886 1867 2953 ceperant.

120 2973 360 3028 quorum
399 2957 609 3029 partim
648 2959 976 3015 invitissimi
1018 2965 1204 3015 castra
1245 2964 1377 3014 sunt
1419 2960 1618 3028 secuti,
1660 2958 1866 3028 partim

119 3049 342 3089 summa
365 3052 492 3089 cum
517 3034 637 3089 eius
663 3034 968 3092 offensione
1004 3038 1155 3092 domi
1189 3042 1591 3092 remanserunt.
1643 3033 1868 3090 Caesari
1899 3047 1927 3088 3
