2019 3310
194 106 264 158 66
687 103 830 149 XVII.
863 102 1217 149 AGESILAUS.
1268 112 1308 149 2.
1343 110 1384 149 3.

128 228 165 281 2
340 227 445 281 Hic
510 227 839 296 simulatque
902 226 1120 296 imperii
1182 227 1395 297 potitus
1452 232 1562 299 est,
1623 229 1900 299 persuasit

190 302 635 357 Lacedaemoniis
675 306 738 354 ut
778 318 894 354 cum
933 302 1176 355 exercitu
1213 320 1268 356 se
1302 302 1589 356 mitterent
1620 304 1678 357 in
1702 303 1899 357 Asiam

190 379 503 446 bellumque
553 377 670 448 regi
717 376 983 446 facerent,
1035 377 1233 430 docens
1284 377 1457 431 satius
1507 396 1625 431 esse
1664 379 1723 431 in
1763 378 1897 433 Asia

191 472 355 523 quam
387 453 444 504 in
468 450 692 520 Europa
723 451 985 505 dimicari.
1044 470 1278 522 namque
1319 452 1467 506 fama
1506 452 1713 506 exierat
1738 452 1899 507 Arta-

190 546 390 581 xerxen
431 545 746 596 comparare
788 527 988 580 classes
1021 528 1408 597 pedestresque
1443 527 1728 598 exercituS,
1762 547 1897 598 quos

130 614 155 653 2
190 603 248 656 in
283 601 567 655 Graeciam
609 601 871 655 mitteret.
934 602 1062 655 data
1100 606 1378 672 potestate
1420 606 1578 656 tanta
1618 603 1898 657 celeritate

190 695 321 731 usus
371 680 478 747 est,
533 681 596 730 ut
645 677 798 747 prius
846 678 904 730 in
943 677 1135 730 Asiam
1184 696 1305 731 cum
1355 678 1527 748 copiis
1574 678 1900 748 pervenerit,

192 771 355 823 quam
381 752 519 824 regii
545 756 795 823 satrapae
822 771 945 805 eum
972 753 1175 806 scirent
1198 753 1522 822 profectum.
1557 771 1664 822 quo
1689 751 1899 807 factum

128 841 154 880 3
190 832 276 882 est
314 831 378 881 ut
410 846 596 881 omnes
629 828 931 898 imparatos
964 828 1445 898 imprudentesque
1479 827 1791 882 offenderet.
1844 828 1899 881 id

188 906 252 956 ut
285 903 543 975 cognovit
570 901 980 972 TissapherneS,
1022 903 1115 972 qui
1149 921 1423 957 summum
1455 903 1746 974 imperium
1778 906 1898 957 tum

188 979 331 1032 inter
371 977 676 1048 praefectos
717 977 961 1030 habebat
1000 978 1198 1048 regios,
1237 978 1476 1032 indutias
1511 997 1543 1032 a
1566 977 1781 1033 Lacone
1809 996 1899 1049 pe·

190 1054 333 1123 tivit,
375 1053 639 1106 simulans
676 1071 731 1105 se
766 1052 892 1105 dare
927 1070 1166 1123 operam,
1204 1056 1269 1105 ut
1292 1052 1740 1107 Lacedaemoniis
1774 1072 1898 1107 cum

189 1146 315 1199 rege
350 1129 680 1197 conveniret,
713 1146 770 1180 re
806 1131 988 1180 autem
1014 1146 1142 1180 vera
1174 1127 1241 1180 ad
1275 1128 1460 1198 copias
1487 1129 1899 1199 comparandaS,

127 1215 155 1254 4
189 1221 387 1273 easque
429 1203 748 1273 impetravit
788 1202 1149 1256 trimenstres
1207 1203 1412 1257 iuravit
1445 1207 1629 1257 autem
1667 1206 1898 1273 uterque

189 1297 245 1332 se
288 1279 403 1332 sine
445 1278 569 1332 dolo
610 1277 850 1331 indutias
885 1281 1351 1332 conservaturum.
1414 1279 1473 1332 in
1505 1297 1614 1349 qua
1643 1278 1897 1349 pactione

188 1372 402 1407 summa
441 1353 545 1407 fide
587 1353 791 1406 mansit
824 1352 1139 1425 AgesilauS,
1180 1358 1373 1408 contra
1412 1373 1474 1408 ea
1503 1353 1897 1424 Tissaphernes

127 1442 153 1480 5
187 1429 326 1481 nihil
368 1428 515 1481 aliud
549 1447 712 1498 quam
749 1428 955 1481 bellum
982 1430 1334 1498 comparavit.
1397 1429 1452 1482 id
1485 1430 1592 1483 etsi
1625 1429 1900 1483 sentiebat

189 1502 332 1557 Laco
344 1547 357 1573 ,
408 1507 595 1557 tamen
641 1503 1016 1557 iusiurandum
1058 1505 1313 1557 servabat
1353 1505 1696 1575 multumque
1736 1504 1795 1557 in
1834 1522 1897 1558 eo

132 1587 134 1589 ’
189 1596 244 1632 se
287 1579 546 1648 consequi
595 1579 835 1648 dicebat,
884 1579 1027 1648 quod
1068 1577 1461 1649 Tissaphernes
1509 1579 1748 1650 periurio
1799 1597 1897 1633 suo

188 1657 242 1706 et
280 1654 529 1709 homines
573 1654 685 1707 suis
726 1654 888 1707 rebus
932 1654 1268 1708 abalienaret
1309 1658 1364 1708 et
1405 1655 1534 1708 deos
1576 1655 1683 1708 sibi
1722 1654 1896 1708 iratos

187 1729 462 1799 redderet,
519 1747 574 1782 se
632 1733 816 1782 autem
873 1734 1196 1782 conservata
1251 1730 1515 1802 religione
1573 1730 1897 1784 confirmare

189 1806 511 1874 exercitum,
568 1823 691 1858 cum
748 1804 1207 1858 animadverteret
1262 1805 1422 1859 deum
1469 1824 1673 1859 numen
1718 1804 1897 1859 facere

189 1898 390 1949 secum,
429 1880 786 1949 hominesque
829 1880 935 1933 sibi
977 1881 1267 1934 conciliare
1309 1881 1610 1951 amicioreS,
1651 1880 1795 1950 quod
1827 1880 1898 1933 iis

189 1955 408 2009 studere
458 1959 836 2025 consuessent,
885 1974 1021 2025 quos
1072 1974 1391 2010 conservare
1432 1956 1595 2010 fidem
1634 1955 1897 2009 viderent.

127 2029 160 2082 3
337 2029 641 2100 Postquam
698 2031 1035 2084 indutiarum
1090 2032 1377 2102 praeteriit
1431 2032 1572 2102 dies,
1626 2031 1896 2085 barbarus

186 2124 297 2159 non
337 2105 610 2175 dubitans,
653 2106 795 2174 quod
837 2107 1009 2176 ipsius
1052 2110 1208 2160 erant
1245 2107 1484 2177 plurima
1523 2105 1801 2160 domicilia
1839 2106 1895 2159 in

188 2179 350 2234 Caria
389 2184 445 2234 et
484 2199 548 2234 ea
586 2181 736 2252 regio
779 2181 845 2234 iis
888 2182 1229 2251 temporibus
1271 2183 1445 2236 multo
1486 2181 1788 2252 putabatur
1820 2181 1896 2235 lo-

187 2256 579 2326 cupletissima,
619 2274 681 2309 eo
722 2256 1074 2326 potissimum
1113 2257 1303 2312 hostes
1336 2259 1604 2328 impetum
1636 2255 1897 2328 facturOS,

126 2343 154 2382 2
189 2349 375 2384 omnes
434 2350 558 2385 suas
608 2331 792 2400 copias
842 2351 904 2385 eo
955 2336 1317 2387 contraxerat.
1395 2337 1454 2386 at
1499 2331 1789 2404 Agesilaus
1837 2332 1894 2385 in

188 2403 487 2478 Phrygiam
529 2425 584 2460 se
626 2407 897 2460 convertit
938 2425 1164 2477 eamque
1206 2409 1357 2477 prius
1399 2407 1760 2478 depopulatus
1794 2411 1894 2477 est,

189 2499 352 2550 quam
377 2481 771 2552 Tissaphernes
805 2500 1037 2552 usquam
1062 2501 1118 2535 se
1146 2486 1403 2536 moveret.
1460 2501 1659 2555 magna
1691 2483 1894 2553 praeda

188 2556 457 2610 militibus
514 2557 866 2627 locupletatis
913 2556 1194 2626 Ephesum
1242 2559 1544 2611 hiematum
1594 2558 1893 2612 exercitum

186 2631 403 2684 reduxit
444 2636 607 2701 atque
649 2633 725 2684 ibi
768 2631 1001 2686 officinis
1043 2651 1320 2687 armorum
1373 2633 1645 2687 institutis
1693 2651 1894 2706 magna

186 2705 458 2759 industria
509 2708 713 2760 bellum
757 2708 1056 2778 apparavit.
1135 2712 1190 2760 ct
1232 2727 1337 2777 quo
1380 2709 1679 2762 studiosius
1721 2726 1892 2762 arma-

185 2784 374 2834 rentur
437 2782 812 2854 insigniusque
869 2786 1223 2850 ornarentur,
1285 2785 1528 2853 praemia
1589 2783 1893 2855 proposuit,

188 2856 384 2926 quibus
433 2857 787 2928 donarentur,
839 2876 1069 2929 quorum
1118 2859 1338 2930 egregia
1385 2861 1441 2913 in
1482 2878 1545 2913 ea
1591 2877 1648 2912 re
1694 2857 1892 2912 fuisset

124 2945 152 2985 3
186 2932 471 2986 industria.
535 2931 664 2985 fecit
697 2933 840 2986 idem
880 2935 936 2986 in
978 2934 1430 2988 exercitationum
1470 2933 1776 3007 generibus,
1814 2936 1891 3003 ut,
