2019 3310
235 123 304 174 74
752 118 919 163 XVIII.
951 115 1254 162 EUMENES.
1302 120 1342 160 5.
1377 120 1416 160 6.

172 259 200 299 4
232 245 378 316 giae,
434 243 578 312 quod
616 241 769 295 Nora
819 239 1147 310 appellatur,
1202 236 1465 308 confugit.
1543 237 1601 290 in
1647 254 1753 306 quo
1803 254 1926 289 cum

233 318 717 373 circumsederetur
772 319 827 367 et
881 318 1191 383 vereretur,
1239 331 1307 366 ne
1361 329 1469 365 uno
1524 311 1646 366 loco
1702 329 1928 364 manens

234 413 399 463 equos
441 392 706 445 militares
747 390 1011 459 perderet,
1052 388 1195 458 quod
1229 386 1467 456 spatium
1498 404 1610 439 non
1640 389 1786 440 esset
1817 385 1929 457 agi·

234 469 407 536 tandi,
449 467 706 520 callidum
744 464 851 517 fuit
891 464 1005 517 eius
1047 464 1351 530 inventum,
1400 479 1562 530 quem
1601 460 1668 514 ad
1707 461 1928 514 modum

235 548 386 597 stans
442 542 747 594 iumentum
796 538 1102 593 concalfieri
1157 536 1499 605 exercerique
1554 538 1766 605 posset,
1821 553 1927 605 quo

233 617 492 670 libentius
534 619 590 669 et
630 616 751 669 cibo
791 618 1040 667 uteretur
1080 616 1136 666 et
1167 631 1199 665 a
1231 611 1475 681 corporis
1516 613 1672 663 motu
1710 627 1822 663 non
1851 628 1930 662 re-

174 708 199 745 ὅ
235 695 558 746 moveretur.
630 689 1042 759 substringebat
1081 691 1246 757 caput
1285 687 1401 739 loro
1444 685 1624 754 altiuS,
1666 702 1829 754 quam
1867 687 1931 737 ut

235 767 507 836 prioribus
540 765 768 836 pedibus
795 764 951 834 plene
978 767 1180 816 terram
1204 765 1392 832 posset
1417 760 1705 831 attingere,
1740 758 1930 812 deinde

235 845 361 912 post
399 841 717 895 verberibus
759 839 990 909 cogebat
1030 838 1302 890 exsultare
1335 839 1391 889 et
1422 835 1596 889 calces
1629 833 1930 887 remittere:

236 917 327 986 qui
376 920 557 970 motus
605 934 715 968 non
763 914 941 966 minus
991 912 1243 965 sudorem
1290 910 1625 980 excutiebat,
1673 927 1837 979 quam
1884 908 1932 962 si

175 1006 200 1044 6
235 992 289 1044 111
331 991 508 1061 spatio
550 991 871 1043 decurreret.
951 1005 1056 1056 quo
1096 986 1305 1039 factum
1345 988 1454 1054 est,
1495 984 1639 1054 quod
1678 984 1930 1038 omnibus

237 1066 484 1118 mirabile
519 1069 604 1118 est
635 1065 828 1132 visum,
859 1066 923 1115 ut
947 1080 1115 1131 aeque
1140 1060 1315 1114 nitida
1338 1060 1583 1113 iumenta
1607 1077 1673 1112 ex
1704 1058 1931 1112 castello

236 1142 500 1210 educeret,
541 1158 663 1193 cum
704 1138 1009 1207 complures
1051 1153 1263 1189 menses
1303 1135 1362 1187 in
1401 1133 1682 1188 obsidione
1722 1133 1934 1202 fuisset,

175 1232 199 1270 7
235 1235 296 1269 ac
338 1216 384 1268 si
423 1216 481 1268 in
521 1213 919 1284 campestribus
961 1231 1024 1265 ea
1062 1211 1197 1265 locis
1230 1210 1528 1263 habuisset.
1588 1209 1647 1262 in
1676 1208 1780 1262 hac
1812 1226 1935 1262 con·

237 1291 493 1359 elusione,
535 1290 1022 1359 quotienscumque
1062 1286 1263 1355 voluit,
1304 1287 1628 1354 apparatum
1668 1286 1724 1337 et
1763 1283 1935 1336 muni-

235 1367 412 1419 tiones
454 1364 721 1436 Antigoni
772 1364 905 1416 alias
954 1362 1217 1430 incendit,
1265 1360 1401 1413 alias
1450 1359 1679 1413 disiecit.
1757 1357 1936 1411 tenuit

237 1446 419 1494 autem
461 1459 516 1493 se
556 1459 666 1493 uno
705 1439 849 1507 locO,
891 1437 1148 1507 quamdiu
1187 1435 1362 1489 hiems
1402 1434 1531 1504 fuit,
1571 1433 1716 1503 quod
1755 1436 1937 1486 castra

237 1516 336 1569 sub
390 1516 512 1568 divo
568 1515 769 1567 habere
816 1531 927 1566 non
980 1515 1212 1582 poterat.
1289 1528 1382 1563 ver
1437 1508 1936 1579 appropinquabat:

237 1591 496 1644 simulata
520 1590 809 1658 deditione,
849 1589 977 1640 dum
1002 1587 1066 1639 de
1092 1584 1500 1640 condicionibus
1534 1586 1755 1651 tractat,
1786 1600 1936 1651 prae-

235 1665 394 1719 fectis
421 1664 690 1735 Antigoni
730 1663 995 1732 imposuit
1028 1679 1190 1731 seque
1224 1679 1285 1714 ac
1319 1677 1445 1714 suos
1480 1676 1665 1712 omnes
1699 1658 1937 1710 extraxit

237 1741 551 1793 incolumes,

177 1817 211 1869 6
386 1815 472 1868 Ad
511 1815 655 1868 hunc
681 1813 982 1883 Olympias,
1022 1815 1197 1865 mater
1239 1828 1375 1880 quae
1416 1809 1596 1862 fuerat
1620 1807 1937 1877 Alexandri,

240 1910 361 1944 cum
401 1891 616 1943 litteras
658 1893 713 1941 et
744 1889 966 1942 nuntios
1008 1887 1251 1939 misisset
1290 1886 1346 1939 in
1378 1884 1570 1937 Asiam
1611 1882 1938 1952 consultum,

239 1970 424 2019 utrum
464 1964 759 2034 repetitum
791 1964 896 2016 iret
923 1961 1298 2016 Macedoniam
1340 1957 1488 2031 (nam
1528 1962 1647 2011 tum
1686 1956 1937 2027 inEpiro

179 2055 205 2094 2
240 2039 552 2110 habitabat)
596 2043 651 2091 et
699 2057 824 2091 suas
872 2057 957 2091 res
1007 2039 1318 2106 occuparet,
1373 2034 1499 2088 huic
1553 2033 1645 2086 ille
1700 2032 1937 2102 primum

241 2115 429 2184 suasit,
468 2133 535 2168 ne
578 2133 633 2167 se
675 2117 917 2166 moveret
957 2117 1012 2165 et
1045 2114 1399 2181 exspectaret,
1440 2108 1617 2179 quoad
1641 2106 1940 2161 Alexandri

239 2191 384 2243 filius
425 2207 654 2260 regnum
696 2189 1108 2257 adipisceretur,
1165 2187 1250 2239 sin
1297 2186 1482 2254 aliqua
1520 2182 1819 2252 cupiditate
1859 2199 1940 2234 ra—

241 2269 460 2334 peretur
492 2265 547 2318 in
589 2263 978 2331 Macedoniam,
1020 2262 1433 2315 oblivisceretur
1473 2257 1716 2312 omnium
1754 2256 1939 2310 iniuri-

183 2356 207 2394 8
243 2359 395 2393 arum
436 2343 491 2392 et
530 2340 586 2392 in
627 2339 897 2392 neminem
938 2338 1213 2390 acerbiore
1254 2338 1501 2389 uteretur
1539 2331 1785 2401 imperiO.
1846 2331 1940 2384 ho·

243 2434 362 2468 rum
403 2415 499 2466 illa
538 2414 674 2466 nihil
716 2413 867 2466 fecit:
924 2431 1049 2464 nam
1090 2415 1146 2464 et
1185 2412 1242 2463 in
1281 2408 1655 2463 Macedoniam
1694 2405 1940 2476 profecta

244 2494 327 2542 est
374 2493 428 2541 et
479 2490 556 2541 ibi
609 2487 980 2542 crudelissime
1037 2505 1091 2539 se
1148 2485 1336 2555 gessit.
1414 2483 1576 2552 petiit
1631 2486 1815 2535 autem
1871 2481 1940 2534 ab

244 2564 485 2620 Eumene
528 2564 774 2631 absente,
821 2581 886 2615 ne
927 2564 1209 2630 pateretur
1250 2558 1492 2628 Philippi
1532 2557 1725 2610 domus
1766 2574 1829 2610 ac
1867 2554 1942 2608 fa-

245 2638 427 2691 miliae
455 2638 864 2690 inimicissimos
891 2637 1120 2705 stirpem
1147 2652 1361 2703 quoque
1395 2632 1723 2702 interimere,
1754 2631 1943 2685 ferret-

186 2739 211 2775 4
247 2731 348 2782 que
400 2732 556 2782 opem
608 2713 794 2765 liberis
835 2709 1144 2765 Alexandri.
1224 2727 1385 2778 quam
1427 2707 1640 2761 veniam
1681 2707 1728 2760 si
1775 2706 1944 2774 daret,

246 2805 408 2856 quam
456 2788 692 2855 primum
741 2787 1009 2840 exercitus
1058 2788 1299 2853 pararet,
1355 2801 1491 2852 quos
1539 2781 1646 2834 sibi
1701 2779 1942 2835 subsidio

247 2862 548 2915 adduceret.
629 2862 679 2913 id
723 2880 829 2930 quo
878 2860 1092 2913 facilius
1133 2859 1358 2926 faceret,
1405 2876 1462 2912 se
1503 2856 1756 2911 omnibus
1794 2873 1946 2925 prae-

247 2936 420 3007 sectis,
461 2936 553 3004 qui
595 2936 650 2987 in
692 2936 872 2988 officio
916 2934 1230 3004 manebant,
1272 2933 1485 2986 misisse
1524 2931 1755 3001 litteras,
1794 2933 1858 2983 ut
1896 2929 1945 2983 ei
