2164 3358
731 101 900 150 xxm.
934 102 1114 150 cA'ro.
1165 109 1206 149 2.
1242 111 1283 151 a.
1818 111 1890 166 99

146 222 447 282 Afficanus
497 227 691 282 consul
750 227 978 298 iterum,
1034 228 1190 283 cuius
1248 229 1306 283 in
1357 231 1542 300 priore
1596 235 1891 289 consulatu

145 304 410 391 quaestor
448 301 649 375 fuerat,
694 304 872 359 voluit
911 321 1038 359 eum
1079 303 1146 358 de
1186 305 1475 376 provincia
1516 307 1792 379 depellere
1834 315 1890 365 et

142 378 265 452 ipse
319 378 371 433 ei
427 380 747 451 succedere,
801 397 980 451 neque
1035 379 1142 435 hoc
1198 400 1298 452 per
1354 386 1611 439 senatum
1669 385 1887 440 efficere

141 454 353 528 potuit,
409 474 536 511 cum
588 455 812 528 quidem
862 454 1051 527 Scipio
1106 457 1485 530 principatum
1543 461 1601 514 in
1659 462 1887 517 civitate

143 531 447 604 obtineret,
494 532 642 604 quod
692 536 812 586 tum
858 550 971 586 non
1020 534 1297 605 potentia,
1350 536 1446 590 sed
1495 537 1611 591 iure
1654 556 1742 593 res
1790 558 1886 611 pu-

141 607 291 664 blica
331 576 845 664 administrabatur.
919 628 1029 680 qua
1070 627 1135 663 ex
1177 629 1234 664 re
1277 612 1453 666 iratus
1496 615 1716 669 senatui
1768 633 1886 671 con·

141 685 320 741 sulatu
342 687 571 758 peracto
597 684 892 756 privatus
876 703 935 739 1n
969 685 1104 740 urbe
1140 688 1360 742 mansit.
1415 693 1473 743 at
1499 688 1657 762 Cato,
1690 709 1885 748 censor
1919 707 1946 746 3

141 780 268 818 cum
300 760 494 817 eodem
525 758 730 815 Flacco
772 760 971 833 factus,
1013 780 1201 817 severe
1238 765 1484 835 praefuit
1516 767 1565 820 ei
1600 770 1886 839 potestati.

139 856 272 895 nam
310 840 371 893 et
406 836 467 892 in
507 837 822 908 complures
872 838 1091 894 nobiles
1141 840 1538 896 animadvertit
1579 848 1636 898 et
1678 845 1884 900 multas

139 932 229 971 res
266 931 442 970 novas
490 912 551 969 in
599 913 844 969 edictum
894 915 1131 987 addidit,
1181 936 1291 988 qua
1339 937 1397 972 re
1448 919 1667 974 luxuria
1717 923 1885 993 repri-

138 992 408 1061 meretur,
448 1007 590 1061 quae
631 990 744 1046 iam
786 994 908 1046 tum
949 992 1254 1064 incipiebat
1293 996 1582 1066 pullulare.
1663 998 1886 1053 circiter
1918 1011 1946 1052 4

138 1084 314 1123 annos
356 1066 663 1140 octoginta,
703 1086 879 1139 usque
921 1068 990 1123 ad
1032 1074 1339 1125 extremam
1373 1077 1619 1128 aetatem
1653 1074 1722 1128 ab
1757 1075 1885 1130 adu-

136 1143 423 1216 lescentia,
463 1144 544 1198 rei
583 1143 842 1215 publicae
884 1163 1052 1200 causa
1093 1148 1373 1220 suscipere
1416 1149 1739 1206 inimicitias
1772 1171 1885 1207 non

136 1220 373 1277 destitit.
430 1238 464 1275 a
488 1220 683 1275 multis
710 1224 961 1276 tentatus
994 1241 1107 1277 non
1142 1225 1305 1279 modo
1338 1226 1556 1281 nullum
1590 1227 1884 1284 detrimen-

137 1303 260 1354 tum
308 1296 743 1353 existimationis
793 1297 950 1369 fecit,
1000 1301 1119 1371 sed,
1170 1303 1352 1372 quoad
1394 1303 1557 1374 vixit,
1610 1304 1883 1360 virtutum

136 1375 300 1432 laude
342 1374 532 1430 crevit.

290 1449 359 1506 In
398 1450 658 1506 omnibus
699 1452 865 1506 rebus
915 1453 1188 1526 singulari
1240 1454 1350 1509 fuit
1397 1456 1697 1511 industria:
1755 1477 1901 1512 nam
1918 1459 1952 1513 3

137 1532 196 1585 et
226 1527 477 1602 agricola
507 1527 705 1582 sollers
740 1532 797 1582 et
829 1529 1042 1599 peritus
1077 1531 1214 1586 iuris
1240 1533 1528 1587 consultus
1556 1537 1613 1587 et
1646 1553 1879 1607 magnus

135 1606 447 1679 imperator
493 1607 552 1659 et
598 1604 909 1676 probabilis
961 1610 1152 1662 orator
1192 1614 1251 1663 et
1291 1609 1685 1695 cupidissimus
1734 1611 1880 1666 litte·

135 1700 326 1739 rarum
373 1680 497 1736 fuit.
577 1699 813 1753 quarum
862 1683 1111 1738 studium
1160 1686 1267 1740 etsi
1317 1686 1504 1740 senior
1553 1688 1939 1760 arripuerats..

136 1763 327 1848 tamen
365 1761 589 1813 tantum
628 1776 993 1831 progressum
1046 1761 1204 1832 fecit,
1247 1766 1308 1816 ut
1356 1781 1467 1817 non
1518 1763 1680 1819 facile
1730 1784 1879 1837 repe-

135 1835 235 1892 riri
274 1835 459 1909 possit
496 1852 676 1906 neque
718 1836 783 1890 de
827 1834 1056 1892 Graecis
1097 1857 1276 1909 neque
1319 1839 1383 1893 de
1434 1838 1647 1895 Italicis
1698 1842 1879 1912 rebuS,

137 1911 285 1985 quod
325 1912 378 1968 ei
422 1910 600 1967 fuerit
647 1912 1013 1985 incognitum
1094 1920 1163 1968 ab
1213 1915 1593 1971 adulescentia
1641 1887 1879 1973 confecit

137 1988 436 2045 orationes.
516 2006 682 2044 senex
729 1989 999 2044 historias
1051 1992 1294 2047 scribere
1344 1993 1608 2048 instituit.
1690 2014 1876 2049 earum
1912 2010 1936 2047 3

136 2069 270 2122 sunt
307 2064 442 2121 libri
481 2069 713 2138 septem.
773 2067 988 2137 primus
1030 2069 1282 2123 continet
1321 2088 1408 2125 res
1451 2074 1639 2143 gestas
1683 2090 1877 2144 regum

133 2142 329 2231 populi
384 2141 656 2214 Romani,
719 2144 991 2199 secundus
1048 2149 1105 2199 et
1169 2146 1371 2201 tertius
1427 2148 1570 2202 unde
1629 2167 1876 2218 quaeque

134 2219 334 2277 civitas
385 2222 511 2274 orta
558 2219 635 2274 sit
683 2218 905 2292 Italica,
958 2221 1029 2276 ob
1081 2240 1250 2293 quam
1298 2242 1417 2278 rem
1460 2243 1651 2278 omnes
1697 2223 1876 2296 Origi-

133 2314 233 2354 nes
293 2295 515 2352 videtur
587 2297 915 2368 appellasse.
1010 2298 1068 2353 in
1132 2303 1333 2371 quarto
1407 2305 1593 2354 autern
1666 2301 1873 2355 bellum

136 2371 438 2430 Poenicum
491 2375 579 2428 est
631 2373 900 2445 primum,
949 2374 1007 2429 in
1061 2377 1257 2447 quinto
1309 2377 1626 2431 secundum.
1707 2382 1874 2448 atque
1908 2391 1933 2430 4

134 2447 273 2506 baso
318 2449 508 2506 omnia
527 2451 910 2522 capitulatim
961 2456 1092 2507 sunt
1146 2454 1308 2508 dicta.
1390 2453 1605 2524 reliqua
1655 2472 1873 2524 quoque

135 2524 286 2582 bella
368 2526 452 2581 ari
499 2527 666 2582 modo
714 2533 1042 2600 persecutus
1084 2533 1170 2583 est
1211 2549 1384 2601 usque
1435 2530 1503 2583 ad
1553 2534 1872 2601 praeturam

137 2599 255 2658 Ser.
362 2602 549 2676 albae,
605 2604 701 2676 qui
756 2605 991 2676 diripuit
1047 2604 1383 2660 Lusitanos.
1448 2611 1615 2677 atque
1672 2607 1873 2661 horum

135 2677 414 2735 bellorum
466 2679 633 2736 duces
679 2699 793 2736 non
847 2682 1183 2753 nominavit,
1241 2683 1336 2737 sed
1386 2682 1503 2737 sine
1552 2684 1871 2737 nominibus

135 2773 224 2812 res
271 2753 506 2811 notavit.
583 2756 642 2812 in
688 2758 897 2812 eisdem
946 2759 1226 2830 exposuit,
1280 2778 1421 2829 quae
1472 2760 1528 2813 in
1571 2759 1736 2814 Italia
1778 2759 1872 2813 Hi-

134 2831 456 2905 spaniisque
498 2832 621 2900 [aut
658 2833 857 2889 fierent
897 2838 1016 2905 aut]
1060 2836 1377 2891 viderentur
1418 2836 1762 2890 admiranda:
1816 2837 1872 2888 in

172 2908 337 2964 uibus
379 2906 559 2963 multa
596 2908 872 2966 industria
914 2917 971 2967 et
1019 2912 1313 2984 diligentia
1362 2917 1670 2983 comparet,
1720 2911 1869 2964 nulla

169 2985 402 3043 octrina.
