2019 3310
235 146 302 198 12
722 142 780 188 II.
811 139 1290 186 THEMISTOCLES.
1338 143 1379 186 7.
1409 146 1449 186 8.

172 283 197 322 6
230 269 339 321 iam
386 267 473 320 bis
522 266 705 335 copias
754 264 933 335 regias
981 262 1175 316 fecisse
1227 261 1590 333 naufragium.
1668 260 1931 315 Lacedae-

232 343 444 396 monios
494 345 676 394 autem
699 339 857 391 -male
905 341 961 390 et
1007 338 1208 390 iniuste
1256 336 1457 406 facere,
1504 336 1599 406 qui
1644 335 1701 390 id
1745 336 1930 406 potius

231 418 595 483 intuerentur,
653 414 796 483 quod
850 413 1096 482 ipsorum
1151 410 1514 464 dominationi
1568 428 1733 480 quam
1788 411 1932 480 quod

231 492 512 545 universae
548 488 807 542 Graeciae
846 487 983 540 utile
1024 490 1181 540 esset.
1243 503 1426 555 quare,
1466 485 1513 538 si
1553 503 1679 538 suos
1717 485 1931 557 legatos

233 567 470 635 recipere
510 564 736 631 vellent,
785 580 921 632 quos
963 561 1210 614 Athenas
1252 561 1538 628 miserant,
1586 577 1644 612 se
1690 560 1929 612 remitte-

233 644 368 708 rent,
407 656 522 692 cum
563 638 722 691 aliter
762 637 887 690 illos
928 654 1226 706 numquam
1265 635 1322 687 in
1362 634 1601 704 patriam
1633 637 1817 686 essent
1854 653 1933 687 re-

233 714 459 783 cepturi.

165 791 195 843 8
379 788 584 842 Tamen
616 807 726 841 non
759 787 951 857 effugit
977 786 1176 839 civium
1202 803 1424 838 suorum
1458 783 1731 837 invidiam.
1785 801 1934 836 nam-

232 882 334 933 que
369 864 435 916 ob
470 864 699 916 eundem
733 863 1002 930 timorem,
1036 879 1142 929 quo
1177 860 1465 912 damnatus
1499 861 1617 911 erat
1641 857 1934 927 Miltiades,

232 939 559 991 testularum
616 937 889 1008 suffragiis
943 954 968 988 e
1019 935 1240 988 civitate
1292 934 1496 987 eiectus
1545 933 1727 1004 Argos
1781 932 1934 985 habi—

172 1027 197 1066 2
233 1017 411 1065 tatum
468 1012 752 1066 concessit.
838 1012 928 1064 hic
984 1028 1107 1062 cum
1161 1012 1387 1078 propter
1443 1008 1645 1061 multas
1700 1007 1932 1060 virtutes

234 1106 431 1157 magna
480 1106 601 1140 cum
649 1087 919 1157 dignitate
968 1084 1197 1152 viveret,
1252 1082 1668 1136 Lacedaemonii
1719 1082 1934 1153 legatos

231 1162 478 1214 Athenas
513 1162 795 1229 miserunt,
831 1160 921 1230 qui
956 1177 1080 1211 eum
1113 1159 1398 1211 absentem
1423 1160 1757 1227 accusarent,
1790 1155 1935 1226 quod

233 1237 555 1289 societatem
590 1255 711 1289 cum
744 1252 871 1306 rege
906 1233 1069 1286 Perse
1103 1233 1171 1286 ad
1205 1231 1490 1285 Graeciam
1524 1230 1935 1302 opprimendam

172 1326 198 1364 3
232 1310 467 1364 fecisset.
522 1311 627 1364 hoc
654 1310 877 1363 crimine
903 1309 1098 1361 absens
1133 1308 1422 1360 damnatus
1456 1310 1554 1359 est.
1609 1306 1665 1359 id
1697 1309 1760 1359 ut
1790 1304 1936 1358 audi-

232 1386 326 1454 vit,
368 1385 511 1454 quod
552 1404 661 1438 non
695 1385 829 1437 satis
865 1387 1047 1436 tutum
1081 1400 1136 1436 se
1161 1381 1330 1453 Argis
1363 1381 1600 1450 videbat,
1639 1378 1937 1450 Corcyram

234 1460 576 1530 demigravit.
641 1460 719 1512 ibi
754 1479 873 1512 cum
910 1459 1024 1511 eius
1057 1457 1331 1527 principes
1371 1456 1573 1510 insulae
1605 1454 1938 1508 animadver-

234 1535 394 1587 tisset
435 1536 650 1603 timere,
698 1553 763 1586 ne
806 1537 1030 1603 propter
1070 1550 1126 1585 se
1168 1531 1372 1584 bellum
1412 1531 1479 1583 iis
1520 1529 1937 1584 Lacedaemonii

235 1613 289 1661 et
340 1609 700 1662 Athenienses
760 1609 1080 1675 indicerent,
1139 1607 1206 1659 ad
1254 1605 1578 1674 Admetum,
1633 1603 1937 1657 Molossum

172 1699 199 1737 4
234 1701 433 1754 regem,
474 1702 596 1736 cum
631 1702 737 1752 quo
772 1683 820 1735 ei
852 1682 1155 1751 hospitium
1187 1698 1292 1734 non
1325 1684 1457 1749 erat,
1499 1678 1760 1751 confugit.
1829 1678 1937 1731 huc

236 1777 356 1811 cum
393 1759 630 1811 venisset
663 1763 719 1810 et
753 1759 807 1810 in
842 1757 1152 1827 praesentia
1184 1774 1277 1808 rex
1310 1756 1543 1824 abesset,
1584 1771 1691 1823 quo
1733 1752 1937 1806 maiore

236 1834 497 1904 religione
547 1852 602 1885 se
645 1837 926 1902 receptum
967 1835 1236 1898 tueretur,
1277 1830 1451 1883 filium
1491 1829 1607 1882 eius
1649 1828 1938 1898 parvulum

236 1908 468 1976 arripuit
508 1911 564 1960 et
604 1926 726 1961 cum
767 1927 830 1960 eo
872 1925 929 1960 se
969 1907 1026 1960 in
1067 1905 1382 1975 sacrarium,
1421 1903 1567 1974 quod
1608 1921 1822 1956 summa
1855 1920 1939 1956 co·

234 1982 451 2035 lebatur
492 1983 836 2050 caerimonia,
879 1982 1127 2035 coniecit.
1183 1981 1305 2033 inde
1346 1997 1456 2033 non
1495 1978 1646 2049 prius
1687 1993 1938 2049 egressus

236 2061 342 2126 est,
400 2076 562 2126 quam
612 2076 703 2110 rex
752 2075 875 2110 eum
924 2057 1053 2109 data
1100 2056 1290 2108 dextra
1337 2055 1395 2108 in
1448 2053 1610 2107 fidem
1658 2052 1939 2121 reciperet,

176 2147 201 2186 5
238 2151 401 2202 quam
443 2132 738 2201 praestitit.
799 2150 925 2184 nam
960 2150 1082 2184 cum
1124 2131 1192 2183 ab
1226 2128 1658 2183 Atheniensibus
1690 2130 1747 2180 et
1778 2124 1939 2179 Lace·

236 2207 537 2260 daemoniis
587 2210 972 2275 exposceretur
1020 2205 1259 2275 publice,
1314 2203 1617 2274 supplicem
1661 2219 1772 2255 non
1819 2218 1940 2270 pro·

237 2282 376 2334 didit
416 2281 735 2350 monuitque
777 2286 839 2333 ut
879 2281 1188 2334 consuleret
1221 2279 1349 2332 sibi:
1388 2276 1611 2331 difficile
1644 2276 1789 2329 enim
1822 2293 1939 2328 esse

237 2357 291 2408 in
334 2360 447 2408 tam
488 2356 796 2426 propinquo
838 2355 957 2408 loco
992 2359 1112 2407 tuto
1147 2372 1270 2407 eum
1305 2352 1524 2406 versari.
1583 2351 1769 2421 itaque
1803 2347 1941 2420 Pyd-

239 2449 363 2483 nam
413 2450 535 2484 eum
586 2430 772 2484 deduci
825 2429 987 2482 iussit
1034 2433 1090 2481 et
1138 2428 1281 2498 quod
1323 2427 1457 2481 satis
1499 2429 1644 2479 esset
1683 2423 1941 2496 praesidii

179 2519 205 2559 6
239 2505 402 2558 dedit.
466 2507 554 2559 hic
588 2506 642 2558 in
677 2523 869 2558 navem
904 2504 1158 2556 omnibus
1198 2503 1421 2573 ignotus
1462 2500 1644 2555 nautis
1685 2498 1940 2554 escendit.

240 2597 377 2649 quac
427 2599 548 2632 cum
598 2583 926 2650 tempestate
977 2578 1214 2631 maxima
1263 2576 1479 2629 Naxum
1535 2575 1792 2644 ferretur,
1844 2573 1940 2628 ubi

239 2657 357 2707 tum
393 2655 811 2708 Atheniensium
846 2656 964 2707 erat
996 2652 1282 2720 exercitus,
1322 2651 1495 2704 sensit
1525 2648 1941 2718 Themistocles,

240 2729 285 2782 si
328 2746 389 2781 eo
433 2731 792 2798 pervenisset,
841 2728 944 2782 sibi
987 2745 1103 2780 esse
1145 2725 1492 2795 pereundum.
1569 2724 1672 2779 hac
1712 2722 1941 2778 necessi·

240 2806 355 2856 tate
382 2807 603 2856 coactus
632 2804 852 2856 domino
878 2802 1048 2872 navis,
1081 2801 1203 2871 quis
1234 2800 1323 2869 sit,
1356 2800 1549 2870 aperit,
1581 2800 1757 2853 multa
1786 2796 1941 2868 polli-

181 2891 207 2932 7
242 2896 384 2947 cens,
424 2878 469 2930 si
512 2895 569 2930 se
610 2880 1000 2930 conservasset.
1064 2880 1122 2929 at
1163 2875 1253 2927 ille
1288 2873 1578 2929 clarissimi
1610 2873 1714 2928 viri
1746 2874 1940 2943 captus

241 2952 613 3005 misericordia
653 2952 794 3004 diem
836 2956 1160 3020 noctemque
1200 2950 1388 3019 procul
1423 2950 1492 3003 ab
1525 2947 1706 3003 insula
1734 2947 1792 3001 in
1825 2945 1940 3001 salo
