<?xml version="1.0" encoding="UTF-8"?>
<!DOCTYPE html PUBLIC "-//W3C//DTD XHTML 1.0 Transitional//EN"
    "http://www.w3.org/TR/xhtml1/DTD/xhtml1-transitional.dtd">
<html xmlns="http://www.w3.org/1999/xhtml" xml:lang="en" lang="en">
 <head>
  <title>
</title>
<meta http-equiv="Content-Type" content="text/html;charset=utf-8" />
  <meta name='ocr-system' content='tesseract 3.04.00' />
  <meta name='ocr-capabilities' content='ocr_page ocr_carea ocr_par ocr_line ocrx_word'/>
</head>
<body>
  <div class='ocr_page' id='page_1' title='image "./vitaenep00nepouoft_0075.png"; bbox 0 0 2164 3358; ppageno 0'>
   <div class='ocr_carea' id='block_1_1' title="bbox 598 123 1819 180">
    <p class='ocr_par' dir='ltr' id='par_1_1' title="bbox 598 123 1819 180">
     <span class='ocr_line' id='line_1_1' title="bbox 598 123 1819 180; baseline 0.009 -10"><span class='ocrx_word' id='word_1_1' title='bbox 598 123 720 172; x_wconf 82' lang='lat' dir='ltr'><strong>xvl.</strong></span> <span class='ocrx_word' id='word_1_2' title='bbox 755 123 1112 171; x_wconf 77' lang='lat' dir='ltr'><strong>PELOPIDAS.</strong></span> <span class='ocrx_word' id='word_1_3' title='bbox 1165 130 1296 171; x_wconf 78' lang='lat'><strong>1—8.</strong></span> <span class='ocrx_word' id='word_1_4' title='bbox 1746 127 1819 180; x_wconf 81' lang='grc'>63</span> 
     </span>
    </p>
   </div>
   <div class='ocr_carea' id='block_1_2' title="bbox 0 249 1885 1472">
    <p class='ocr_par' dir='ltr' id='par_1_2' title="bbox 0 249 1885 1472">
     <span class='ocr_line' id='line_1_2' title="bbox 75 249 1817 326; baseline -0.003 -18"><span class='ocrx_word' id='word_1_5' title='bbox 75 250 226 326; x_wconf 79' lang='lat' dir='ltr'>quod</span> <span class='ocrx_word' id='word_1_6' title='bbox 265 250 543 323; x_wconf 81' lang='lat' dir='ltr'>susceptis</span> <span class='ocrx_word' id='word_1_7' title='bbox 578 250 889 305; x_wconf 88' lang='lat' dir='ltr'>inimicitiis</span> <span class='ocrx_word' id='word_1_8' title='bbox 923 250 1101 304; x_wconf 85' lang='lat' dir='ltr'>satius</span> <span class='ocrx_word' id='word_1_9' title='bbox 1134 249 1412 304; x_wconf 81' lang='lat' dir='ltr'>ducebant</span> <span class='ocrx_word' id='word_1_10' title='bbox 1447 268 1541 304; x_wconf 90' lang='lat' dir='ltr'>eos</span> <span class='ocrx_word' id='word_1_11' title='bbox 1576 250 1817 304; x_wconf 83' lang='lat' dir='ltr'>obsideri</span> 
     </span>
     <span class='ocr_line' id='line_1_3' title="bbox 76 325 1819 402; baseline -0.003 -18"><span class='ocrx_word' id='word_1_12' title='bbox 76 345 245 402; x_wconf 73' lang='lat' dir='ltr'>quam</span> <span class='ocrx_word' id='word_1_13' title='bbox 285 326 528 383; x_wconf 86' lang='lat' dir='ltr'>liberari.</span> <span class='ocrx_word' id='word_1_14' title='bbox 589 346 718 382; x_wconf 84' lang='lat' dir='ltr'>nam</span> <span class='ocrx_word' id='word_1_15' title='bbox 752 330 882 398; x_wconf 89' lang='lat' dir='ltr'>post</span> <span class='ocrx_word' id='word_1_16' title='bbox 907 325 1376 397; x_wconf 84' lang='lat' dir='ltr'>Peloponnesium</span> <span class='ocrx_word' id='word_1_17' title='bbox 1413 326 1621 380; x_wconf 91' lang='lat' dir='ltr'>bellum</span> <span class='ocrx_word' id='word_1_18' title='bbox 1648 326 1819 380; x_wconf 87' lang='lat' dir='ltr'>Athe·</span> 
     </span>
     <span class='ocr_line' id='line_1_4' title="bbox 73 401 1819 477; baseline -0.002 -17"><span class='ocrx_word' id='word_1_19' title='bbox 73 420 287 477; x_wconf 71' lang='lat' dir='ltr'>nuque</span> <span class='ocrx_word' id='word_1_20' title='bbox 335 403 583 459; x_wconf 81' lang='lat' dir='ltr'>devictas</span> <span class='ocrx_word' id='word_1_21' title='bbox 632 422 757 459; x_wconf 89' lang='lat' dir='ltr'>cum</span> <span class='ocrx_word' id='word_1_22' title='bbox 805 401 1087 456; x_wconf 79' lang='lat' dir='ltr'><strong>Thebanis</strong></span> <span class='ocrx_word' id='word_1_23' title='bbox 1137 403 1245 456; x_wconf 89' lang='lat' dir='ltr'>sibi</span> <span class='ocrx_word' id='word_1_24' title='bbox 1297 422 1412 456; x_wconf 88' lang='lat' dir='ltr'>rem</span> <span class='ocrx_word' id='word_1_25' title='bbox 1462 421 1583 456; x_wconf 89' lang='lat' dir='ltr'>esse</span> <span class='ocrx_word' id='word_1_26' title='bbox 1632 403 1819 456; x_wconf 81' lang='lat' dir='ltr'>existi·</span> 
     </span>
     <span class='ocr_line' id='line_1_5' title="bbox 76 478 1817 549; baseline -0.002 -13"><span class='ocrx_word' id='word_1_27' title='bbox 76 480 309 537; x_wconf 85' lang='lat' dir='ltr'>mabant</span> <span class='ocrx_word' id='word_1_28' title='bbox 363 484 421 536; x_wconf 86' lang='lat' dir='ltr'>et</span> <span class='ocrx_word' id='word_1_29' title='bbox 467 498 563 535; x_wconf 89' lang='lat' dir='ltr'>eos</span> <span class='ocrx_word' id='word_1_30' title='bbox 619 497 740 535; x_wconf 83' lang='lat' dir='ltr'>esse</span> <span class='ocrx_word' id='word_1_31' title='bbox 797 478 972 548; x_wconf 76' lang='lat' dir='ltr'>solos,</span> <span class='ocrx_word' id='word_1_32' title='bbox 1029 479 1123 549; x_wconf 90' lang='lat' dir='ltr'>qui</span> <span class='ocrx_word' id='word_1_33' title='bbox 1183 479 1446 534; x_wconf 85' lang='lat' dir='ltr'>adversus</span> <span class='ocrx_word' id='word_1_34' title='bbox 1504 497 1562 533; x_wconf 89' lang='lat' dir='ltr'>se</span> <span class='ocrx_word' id='word_1_35' title='bbox 1620 479 1817 533; x_wconf 83' lang='lat' dir='ltr'>sistere</span> 
     </span>
     <span class='ocr_line' id='line_1_6' title="bbox 74 554 1878 626; baseline -0.001 -13"><span class='ocrx_word' id='word_1_36' title='bbox 74 556 359 614; x_wconf 79' lang='lat' dir='ltr'>auderent.</span> <span class='ocrx_word' id='word_1_37' title='bbox 437 556 542 612; x_wconf 88' lang='lat' dir='ltr'>hac</span> <span class='ocrx_word' id='word_1_38' title='bbox 583 559 768 611; x_wconf 88' lang='lat' dir='ltr'>mente</span> <span class='ocrx_word' id='word_1_39' title='bbox 809 554 1004 609; x_wconf 89' lang='lat' dir='ltr'>amicis</span> <span class='ocrx_word' id='word_1_40' title='bbox 1047 555 1162 608; x_wconf 91' lang='lat' dir='ltr'>suis</span> <span class='ocrx_word' id='word_1_41' title='bbox 1204 575 1451 610; x_wconf 89' lang='lat' dir='ltr'>summas</span> <span class='ocrx_word' id='word_1_42' title='bbox 1505 559 1816 626; x_wconf 70' lang='lat' dir='ltr'>potestates</span> <span class='ocrx_word' id='word_1_43' title='bbox 1852 573 1878 611; x_wconf 74' lang='grc'>4.</span> 
     </span>
     <span class='ocr_line' id='line_1_7' title="bbox 74 630 1816 703; baseline -0.003 -13"><span class='ocrx_word' id='word_1_44' title='bbox 74 633 342 690; x_wconf 78' lang='lat' dir='ltr'>dederant</span> <span class='ocrx_word' id='word_1_45' title='bbox 380 631 722 703; x_wconf 79' lang='lat' dir='ltr'>alteriusque</span> <span class='ocrx_word' id='word_1_46' title='bbox 764 630 1026 685; x_wconf 81' lang='lat' dir='ltr'>factionis</span> <span class='ocrx_word' id='word_1_47' title='bbox 1068 631 1347 703; x_wconf 84' lang='lat' dir='ltr'>principes</span> <span class='ocrx_word' id='word_1_48' title='bbox 1389 632 1597 703; x_wconf 89' lang='lat' dir='ltr'>partim</span> <span class='ocrx_word' id='word_1_49' title='bbox 1651 632 1816 686; x_wconf 87' lang='lat' dir='ltr'>inter-</span> 
     </span>
     <span class='ocr_line' id='line_1_8' title="bbox 74 707 1818 782; baseline -0.002 -16"><span class='ocrx_word' id='word_1_50' title='bbox 74 708 347 782; x_wconf 79' lang='lat' dir='ltr'>fecerant,</span> <span class='ocrx_word' id='word_1_51' title='bbox 387 709 527 765; x_wconf 88' lang='lat' dir='ltr'>alios</span> <span class='ocrx_word' id='word_1_52' title='bbox 576 707 633 763; x_wconf 88' lang='lat' dir='ltr'>in</span> <span class='ocrx_word' id='word_1_53' title='bbox 682 707 909 761; x_wconf 86' lang='lat' dir='ltr'>exilium</span> <span class='ocrx_word' id='word_1_54' title='bbox 959 708 1259 761; x_wconf 88' lang='lat' dir='ltr'>eiecerant:</span> <span class='ocrx_word' id='word_1_55' title='bbox 1319 709 1375 762; x_wconf 91' lang='lat' dir='ltr'>in</span> <span class='ocrx_word' id='word_1_56' title='bbox 1417 709 1619 779; x_wconf 90' lang='lat' dir='ltr'>quibus</span> <span class='ocrx_word' id='word_1_57' title='bbox 1663 708 1818 763; x_wconf 84' lang='lat' dir='ltr'>Pelo·</span> 
     </span>
     <span class='ocr_line' id='line_1_9' title="bbox 73 784 1817 860; baseline -0.002 -17"><span class='ocrx_word' id='word_1_58' title='bbox 73 785 234 860; x_wconf 86' lang='lat' dir='ltr'>pidas</span> <span class='ocrx_word' id='word_1_59' title='bbox 268 785 377 858; x_wconf 84' lang='lat' dir='ltr'>hic,</span> <span class='ocrx_word' id='word_1_60' title='bbox 413 785 482 840; x_wconf 87' lang='lat' dir='ltr'>de</span> <span class='ocrx_word' id='word_1_61' title='bbox 514 803 625 856; x_wconf 90' lang='lat' dir='ltr'>quo</span> <span class='ocrx_word' id='word_1_62' title='bbox 660 784 904 839; x_wconf 87' lang='lat' dir='ltr'>scribere</span> <span class='ocrx_word' id='word_1_63' title='bbox 937 784 1120 838; x_wconf 86' lang='lat' dir='ltr'>exorsi</span> <span class='ocrx_word' id='word_1_64' title='bbox 1155 803 1362 854; x_wconf 74' lang='lat' dir='ltr'>sumne,</span> <span class='ocrx_word' id='word_1_65' title='bbox 1406 785 1598 855; x_wconf 91' lang='lat' dir='ltr'>pulsus</span> <span class='ocrx_word' id='word_1_66' title='bbox 1635 786 1817 856; x_wconf 86' lang='lat' dir='ltr'>patria</span> 
     </span>
     <span class='ocr_line' id='line_1_10' title="bbox 0 863 317 920; baseline -0.006 0"><span class='ocrx_word' id='word_1_67' title='bbox 0 869 3 876; x_wconf 88' lang='lat'>&#39;</span> <span class='ocrx_word' id='word_1_68' title='bbox 75 863 317 920; x_wconf 84' lang='lat' dir='ltr'>carebat.</span> 
     </span>
     <span class='ocr_line' id='line_1_11' title="bbox 226 936 1885 1008; baseline -0.002 -13"><span class='ocrx_word' id='word_1_69' title='bbox 226 936 304 995; x_wconf 83' lang='lat' dir='ltr'>Hi</span> <span class='ocrx_word' id='word_1_70' title='bbox 343 956 537 994; x_wconf 88' lang='lat' dir='ltr'>omnes</span> <span class='ocrx_word' id='word_1_71' title='bbox 577 936 692 992; x_wconf 82' lang='lat' dir='ltr'>fere</span> <span class='ocrx_word' id='word_1_72' title='bbox 734 936 986 992; x_wconf 86' lang='lat' dir='ltr'>Athenas</span> <span class='ocrx_word' id='word_1_73' title='bbox 1029 956 1087 991; x_wconf 89' lang='lat' dir='ltr'>se</span> <span class='ocrx_word' id='word_1_74' title='bbox 1129 938 1512 1007; x_wconf 81' lang='lat' dir='ltr'>contulerant,</span> <span class='ocrx_word' id='word_1_75' title='bbox 1551 955 1663 992; x_wconf 93' lang='lat' dir='ltr'>non</span> <span class='ocrx_word' id='word_1_76' title='bbox 1706 957 1814 1008; x_wconf 88' lang='lat' dir='ltr'>quo</span> <span class='ocrx_word' id='word_1_77' title='bbox 1851 946 1885 1000; x_wconf 83' lang='grc'><strong>2</strong></span> 
     </span>
     <span class='ocr_line' id='line_1_12' title="bbox 73 1013 1814 1088; baseline -0.002 -16"><span class='ocrx_word' id='word_1_78' title='bbox 73 1018 439 1088; x_wconf 71' lang='lat' dir='ltr'>sequerentur</span> <span class='ocrx_word' id='word_1_79' title='bbox 486 1014 689 1085; x_wconf 91' lang='lat' dir='ltr'>otium,</span> <span class='ocrx_word' id='word_1_80' title='bbox 738 1013 833 1068; x_wconf 86' lang='lat' dir='ltr'>sed</span> <span class='ocrx_word' id='word_1_81' title='bbox 885 1019 969 1084; x_wconf 91' lang='lat' dir='ltr'>ut,</span> <span class='ocrx_word' id='word_1_82' title='bbox 1019 1032 1183 1084; x_wconf 90' lang='lat' dir='ltr'>quem</span> <span class='ocrx_word' id='word_1_83' title='bbox 1227 1033 1291 1067; x_wconf 82' lang='lat' dir='ltr'>ex</span> <span class='ocrx_word' id='word_1_84' title='bbox 1334 1014 1590 1085; x_wconf 80' lang='lat' dir='ltr'>proximo</span> <span class='ocrx_word' id='word_1_85' title='bbox 1631 1014 1814 1068; x_wconf 91' lang='lat' dir='ltr'>locum</span> 
     </span>
     <span class='ocr_line' id='line_1_13' title="bbox 0 1090 1876 1175; baseline -0.003 -26"><span class='ocrx_word' id='word_1_86' title='bbox 0 1100 8 1175; x_wconf 57' lang='lat' dir='ltr'>l</span> <span class='ocrx_word' id='word_1_87' title='bbox 71 1091 191 1149; x_wconf 80' lang='lat' dir='ltr'>fors</span> <span class='ocrx_word' id='word_1_88' title='bbox 224 1090 542 1161; x_wconf 87' lang='lat' dir='ltr'>obtulisset,</span> <span class='ocrx_word' id='word_1_89' title='bbox 582 1109 648 1145; x_wconf 89' lang='lat' dir='ltr'>eo</span> <span class='ocrx_word' id='word_1_90' title='bbox 691 1091 931 1162; x_wconf 87' lang='lat' dir='ltr'>patriam</span> <span class='ocrx_word' id='word_1_91' title='bbox 968 1109 1293 1161; x_wconf 91' lang='lat' dir='ltr'>recuperare</span> <span class='ocrx_word' id='word_1_92' title='bbox 1327 1091 1654 1145; x_wconf 88' lang='lat' dir='ltr'>niterentur.</span> <span class='ocrx_word' id='word_1_93' title='bbox 1715 1091 1816 1144; x_wconf 87' lang='lat' dir='ltr'>ita-</span> <span class='ocrx_word' id='word_1_94' title='bbox 1852 1115 1876 1152; x_wconf 70' lang='lat'>2</span> 
     </span>
     <span class='ocr_line' id='line_1_14' title="bbox 0 1167 1815 1243; baseline -0.003 -18"><span class='ocrx_word' id='word_1_95' title='bbox 0 1195 4 1205; x_wconf 63' lang='grc'><strong>’</strong></span> <span class='ocrx_word' id='word_1_96' title='bbox 73 1186 182 1243; x_wconf 87' lang='lat' dir='ltr'>qne</span> <span class='ocrx_word' id='word_1_97' title='bbox 209 1186 336 1225; x_wconf 89' lang='lat' dir='ltr'>cum</span> <span class='ocrx_word' id='word_1_98' title='bbox 363 1172 584 1239; x_wconf 87' lang='lat' dir='ltr'>tempus</span> <span class='ocrx_word' id='word_1_99' title='bbox 610 1171 759 1222; x_wconf 88' lang='lat' dir='ltr'>esset</span> <span class='ocrx_word' id='word_1_100' title='bbox 785 1167 964 1220; x_wconf 80' lang='lat' dir='ltr'>visum</span> <span class='ocrx_word' id='word_1_101' title='bbox 999 1167 1077 1220; x_wconf 87' lang='lat' dir='ltr'>rei</span> <span class='ocrx_word' id='word_1_102' title='bbox 1113 1167 1401 1237; x_wconf 81' lang='lat' dir='ltr'>gerendae,</span> <span class='ocrx_word' id='word_1_103' title='bbox 1444 1167 1815 1222; x_wconf 90' lang='lat' dir='ltr'>communiter</span> 
     </span>
     <span class='ocr_line' id='line_1_15' title="bbox 73 1243 1816 1316; baseline -0.003 -14"><span class='ocrx_word' id='word_1_104' title='bbox 73 1264 200 1302; x_wconf 86' lang='lat' dir='ltr'>cum</span> <span class='ocrx_word' id='word_1_105' title='bbox 240 1245 327 1314; x_wconf 88' lang='lat' dir='ltr'>iis,</span> <span class='ocrx_word' id='word_1_106' title='bbox 367 1245 463 1315; x_wconf 91' lang='lat' dir='ltr'>qui</span> <span class='ocrx_word' id='word_1_107' title='bbox 496 1243 703 1298; x_wconf 85' lang='lat' dir='ltr'>Thebis</span> <span class='ocrx_word' id='word_1_108' title='bbox 746 1243 891 1297; x_wconf 91' lang='lat' dir='ltr'>idem</span> <span class='ocrx_word' id='word_1_109' title='bbox 926 1243 1260 1313; x_wconf 81' lang='lat' dir='ltr'>sentiebant,</span> <span class='ocrx_word' id='word_1_110' title='bbox 1301 1244 1447 1297; x_wconf 90' lang='lat' dir='ltr'>diem</span> <span class='ocrx_word' id='word_1_111' title='bbox 1488 1244 1816 1316; x_wconf 83' lang='lat' dir='ltr'>delegerunt</span> 
     </span>
     <span class='ocr_line' id='line_1_16' title="bbox 73 1320 1814 1392; baseline -0.002 -14"><span class='ocrx_word' id='word_1_112' title='bbox 73 1321 143 1378; x_wconf 83' lang='lat' dir='ltr'>ad</span> <span class='ocrx_word' id='word_1_113' title='bbox 166 1321 425 1378; x_wconf 86' lang='lat' dir='ltr'>inimicos</span> <span class='ocrx_word' id='word_1_114' title='bbox 451 1320 844 1392; x_wconf 85' lang='lat' dir='ltr'>opprimendos</span> <span class='ocrx_word' id='word_1_115' title='bbox 873 1320 1268 1390; x_wconf 83' lang='lat' dir='ltr'>civitatemque</span> <span class='ocrx_word' id='word_1_116' title='bbox 1295 1320 1640 1374; x_wconf 86' lang='lat' dir='ltr'>liberandam</span> <span class='ocrx_word' id='word_1_117' title='bbox 1672 1340 1814 1390; x_wconf 91' lang='lat' dir='ltr'>eum,</span> 
     </span>
     <span class='ocr_line' id='line_1_17' title="bbox 73 1397 1813 1472; baseline -0.003 -18"><span class='ocrx_word' id='word_1_118' title='bbox 73 1417 186 1472; x_wconf 86' lang='lat' dir='ltr'>quo</span> <span class='ocrx_word' id='word_1_119' title='bbox 251 1397 478 1453; x_wconf 79' lang='lat' dir='ltr'>maximi</span> <span class='ocrx_word' id='word_1_120' title='bbox 543 1397 908 1470; x_wconf 84' lang='lat' dir='ltr'>magistratus</span> <span class='ocrx_word' id='word_1_121' title='bbox 965 1397 1131 1450; x_wconf 88' lang='lat' dir='ltr'>simul</span> <span class='ocrx_word' id='word_1_122' title='bbox 1191 1402 1527 1450; x_wconf 86' lang='lat' dir='ltr'>consuerant</span> <span class='ocrx_word' id='word_1_123' title='bbox 1583 1397 1813 1467; x_wconf 86' lang='lat' dir='ltr'>epulari.</span> 
     </span>
    </p>
   </div>
   <div class='ocr_carea' id='block_1_3' title="bbox 74 1473 1968 1549">
    <p class='ocr_par' dir='ltr' id='par_1_3' title="bbox 74 1473 1968 1549">
     <span class='ocr_line' id='line_1_18' title="bbox 74 1473 1968 1549; baseline -0.003 -18"><span class='ocrx_word' id='word_1_124' title='bbox 74 1492 310 1549; x_wconf 79' lang='lat' dir='ltr'>magnae</span> <span class='ocrx_word' id='word_1_125' title='bbox 350 1491 515 1545; x_wconf 87' lang='lat' dir='ltr'>saepe</span> <span class='ocrx_word' id='word_1_126' title='bbox 556 1492 644 1528; x_wconf 88' lang='lat' dir='ltr'>res</span> <span class='ocrx_word' id='word_1_127' title='bbox 685 1492 796 1526; x_wconf 92' lang='lat' dir='ltr'>non</span> <span class='ocrx_word' id='word_1_128' title='bbox 840 1473 918 1526; x_wconf 90' lang='lat' dir='ltr'>ita</span> <span class='ocrx_word' id='word_1_129' title='bbox 960 1473 1176 1544; x_wconf 84' lang='lat' dir='ltr'>magnis</span> <span class='ocrx_word' id='word_1_130' title='bbox 1220 1474 1395 1543; x_wconf 89' lang='lat' dir='ltr'>copiis</span> <span class='ocrx_word' id='word_1_131' title='bbox 1438 1477 1568 1526; x_wconf 88' lang='lat' dir='ltr'>sunt</span> <span class='ocrx_word' id='word_1_132' title='bbox 1605 1479 1813 1546; x_wconf 86' lang='lat' dir='ltr'>gestae,</span> <span class='ocrx_word' id='word_1_133' title='bbox 1847 1499 1872 1540; x_wconf 77' lang='lat'>3</span> <span class='ocrx_word' id='word_1_134' title='bbox 1964 1531 1968 1534; x_wconf 47' lang='grc'>,</span> 
     </span>
    </p>
   </div>
   <div class='ocr_carea' id='block_1_4' title="bbox 0 1549 1873 3077">
    <p class='ocr_par' dir='ltr' id='par_1_4' title="bbox 72 1549 1812 1624">
     <span class='ocr_line' id='line_1_19' title="bbox 72 1549 1812 1624; baseline -0.002 -17"><span class='ocrx_word' id='word_1_135' title='bbox 72 1550 168 1607; x_wconf 86' lang='lat' dir='ltr'>sed</span> <span class='ocrx_word' id='word_1_136' title='bbox 223 1549 476 1624; x_wconf 80' lang='lat' dir='ltr'>profecto</span> <span class='ocrx_word' id='word_1_137' title='bbox 531 1568 835 1620; x_wconf 89' lang='lat' dir='ltr'>numquam</span> <span class='ocrx_word' id='word_1_138' title='bbox 895 1554 1010 1603; x_wconf 90' lang='lat' dir='ltr'>tam</span> <span class='ocrx_word' id='word_1_139' title='bbox 1064 1550 1133 1603; x_wconf 89' lang='lat' dir='ltr'>ab</span> <span class='ocrx_word' id='word_1_140' title='bbox 1193 1550 1345 1603; x_wconf 87' lang='lat' dir='ltr'>tenui</span> <span class='ocrx_word' id='word_1_141' title='bbox 1405 1550 1565 1603; x_wconf 88' lang='lat' dir='ltr'>initio</span> <span class='ocrx_word' id='word_1_142' title='bbox 1623 1554 1812 1603; x_wconf 85' lang='lat' dir='ltr'>tantae</span> 
     </span>
    </p>

    <p class='ocr_par' dir='ltr' id='par_1_5' title="bbox 0 1626 1811 1700">
     <span class='ocr_line' id='line_1_20' title="bbox 0 1626 1811 1700; baseline -0.002 -17"><span class='ocrx_word' id='word_1_143' title='bbox 0 1630 7 1658; x_wconf 77' lang='lat'>&#39;&#39;</span> <span class='ocrx_word' id='word_1_144' title='bbox 71 1644 207 1700; x_wconf 86' lang='lat' dir='ltr'>opes</span> <span class='ocrx_word' id='word_1_145' title='bbox 262 1630 396 1682; x_wconf 84' lang='lat' dir='ltr'>sunt</span> <span class='ocrx_word' id='word_1_146' title='bbox 448 1626 795 1699; x_wconf 85' lang='lat' dir='ltr'>profligatae.</span> <span class='ocrx_word' id='word_1_147' title='bbox 874 1645 1004 1680; x_wconf 90' lang='lat' dir='ltr'>nam</span> <span class='ocrx_word' id='word_1_148' title='bbox 1061 1626 1350 1680; x_wconf 90' lang='lat' dir='ltr'>duodecim</span> <span class='ocrx_word' id='word_1_149' title='bbox 1409 1627 1811 1680; x_wconf 86' lang='lat' dir='ltr'>adulescentuli</span> 
     </span>
    </p>

    <p class='ocr_par' dir='ltr' id='par_1_6' title="bbox 0 1687 1868 2007">
     <span class='ocr_line' id='line_1_21' title="bbox 0 1687 1810 1795; baseline -0.002 -35"><span class='ocrx_word' id='word_1_150' title='bbox 0 1687 12 1795; x_wconf 51' lang='lat' dir='ltr'><em>J</em></span> <span class='ocrx_word' id='word_1_151' title='bbox 72 1703 325 1761; x_wconf 81' lang='lat' dir='ltr'>coierunt</span> <span class='ocrx_word' id='word_1_152' title='bbox 364 1721 432 1758; x_wconf 83' lang='lat' dir='ltr'>ex</span> <span class='ocrx_word' id='word_1_153' title='bbox 472 1702 559 1773; x_wconf 89' lang='lat' dir='ltr'>iis,</span> <span class='ocrx_word' id='word_1_154' title='bbox 599 1703 695 1774; x_wconf 89' lang='lat' dir='ltr'>qui</span> <span class='ocrx_word' id='word_1_155' title='bbox 737 1702 903 1757; x_wconf 87' lang='lat' dir='ltr'>exilio</span> <span class='ocrx_word' id='word_1_156' title='bbox 946 1707 1107 1757; x_wconf 86' lang='lat' dir='ltr'>erant</span> <span class='ocrx_word' id='word_1_157' title='bbox 1141 1703 1383 1772; x_wconf 85' lang='lat' dir='ltr'>multati,</span> <span class='ocrx_word' id='word_1_158' title='bbox 1424 1722 1549 1757; x_wconf 90' lang='lat' dir='ltr'>cum</span> <span class='ocrx_word' id='word_1_159' title='bbox 1586 1703 1810 1757; x_wconf 89' lang='lat' dir='ltr'>omnino</span> 
     </span>
     <span class='ocr_line' id='line_1_22' title="bbox 70 1779 1813 1852; baseline -0.002 -15"><span class='ocrx_word' id='word_1_160' title='bbox 70 1797 185 1837; x_wconf 84' lang='lat' dir='ltr'>non</span> <span class='ocrx_word' id='word_1_161' title='bbox 238 1783 427 1836; x_wconf 80' lang='lat' dir='ltr'>essent</span> <span class='ocrx_word' id='word_1_162' title='bbox 481 1779 722 1852; x_wconf 88' lang='lat' dir='ltr'>amplius</span> <span class='ocrx_word' id='word_1_163' title='bbox 780 1783 1026 1848; x_wconf 89' lang='lat' dir='ltr'>centum,</span> <span class='ocrx_word' id='word_1_164' title='bbox 1084 1779 1179 1850; x_wconf 92' lang='lat' dir='ltr'>qui</span> <span class='ocrx_word' id='word_1_165' title='bbox 1230 1784 1389 1832; x_wconf 88' lang='lat' dir='ltr'>tanto</span> <span class='ocrx_word' id='word_1_166' title='bbox 1440 1799 1497 1833; x_wconf 92' lang='lat' dir='ltr'>se</span> <span class='ocrx_word' id='word_1_167' title='bbox 1549 1780 1813 1833; x_wconf 84' lang='lat' dir='ltr'>offerrent</span> 
     </span>
     <span class='ocr_line' id='line_1_23' title="bbox 72 1855 1810 1931; baseline -0.002 -18"><span class='ocrx_word' id='word_1_168' title='bbox 72 1855 334 1931; x_wconf 80' lang='lat' dir='ltr'>periculo.</span> <span class='ocrx_word' id='word_1_169' title='bbox 395 1875 508 1929; x_wconf 85' lang='lat' dir='ltr'>qna</span> <span class='ocrx_word' id='word_1_170' title='bbox 530 1857 814 1928; x_wconf 87' lang='lat' dir='ltr'>paucitate</span> <span class='ocrx_word' id='word_1_171' title='bbox 849 1855 1103 1927; x_wconf 88' lang='lat' dir='ltr'>perculsa</span> <span class='ocrx_word' id='word_1_172' title='bbox 1130 1859 1216 1909; x_wconf 91' lang='lat' dir='ltr'>est</span> <span class='ocrx_word' id='word_1_173' title='bbox 1243 1855 1810 1910; x_wconf 84' lang='lat' dir='ltr'>Lacedaemoniorum</span> 
     </span>
     <span class='ocr_line' id='line_1_24' title="bbox 71 1932 1868 2007; baseline -0.002 -18"><span class='ocrx_word' id='word_1_174' title='bbox 71 1932 341 2007; x_wconf 81' lang='lat' dir='ltr'>potentia.</span> <span class='ocrx_word' id='word_1_175' title='bbox 418 1933 460 1988; x_wconf 82' lang='lat' dir='ltr'>ii</span> <span class='ocrx_word' id='word_1_176' title='bbox 506 1933 655 1988; x_wconf 88' lang='lat' dir='ltr'>enim</span> <span class='ocrx_word' id='word_1_177' title='bbox 704 1951 815 1987; x_wconf 93' lang='lat' dir='ltr'>non</span> <span class='ocrx_word' id='word_1_178' title='bbox 871 1933 1049 2005; x_wconf 85' lang='lat' dir='ltr'>magis</span> <span class='ocrx_word' id='word_1_179' title='bbox 1091 1932 1535 1986; x_wconf 89' lang='lat' dir='ltr'>adversariorum</span> <span class='ocrx_word' id='word_1_180' title='bbox 1580 1933 1807 1988; x_wconf 86' lang='lat' dir='ltr'>factioni</span> <span class='ocrx_word' id='word_1_181' title='bbox 1845 1960 1868 1997; x_wconf 66' lang='lat'>4</span> 
     </span>
    </p>

    <p class='ocr_par' dir='ltr' id='par_1_7' title="bbox 0 2004 1804 2086">
     <span class='ocr_line' id='line_1_25' title="bbox 0 2004 1804 2086; baseline -0.002 -20"><span class='ocrx_word' id='word_1_182' title='bbox 0 2004 10 2086; x_wconf 54' lang='lat' dir='ltr'>h</span> <span class='ocrx_word' id='word_1_183' title='bbox 71 2027 240 2084; x_wconf 78' lang='lat' dir='ltr'>quam</span> <span class='ocrx_word' id='word_1_184' title='bbox 289 2006 584 2082; x_wconf 77' lang='lat' dir='ltr'>Spartanis</span> <span class='ocrx_word' id='word_1_185' title='bbox 631 2029 696 2065; x_wconf 91' lang='lat' dir='ltr'>eo</span> <span class='ocrx_word' id='word_1_186' title='bbox 746 2014 998 2080; x_wconf 82' lang='lat' dir='ltr'>tempore</span> <span class='ocrx_word' id='word_1_187' title='bbox 1056 2009 1264 2063; x_wconf 90' lang='lat' dir='ltr'>bellum</span> <span class='ocrx_word' id='word_1_188' title='bbox 1322 2009 1656 2079; x_wconf 87' lang='lat' dir='ltr'>intulerunt,</span> <span class='ocrx_word' id='word_1_189' title='bbox 1714 2011 1804 2080; x_wconf 85' lang='lat' dir='ltr'>qui</span> 
     </span>
    </p>

    <p class='ocr_par' dir='ltr' id='par_1_8' title="bbox 0 2086 1806 2175">
     <span class='ocr_line' id='line_1_26' title="bbox 0 2086 1806 2175; baseline -0.002 -33"><span class='ocrx_word' id='word_1_190' title='bbox 0 2102 5 2149; x_wconf 80' lang='grc'>’,</span> <span class='ocrx_word' id='word_1_191' title='bbox 70 2086 351 2175; x_wconf 88' lang='lat' dir='ltr'>principes</span> <span class='ocrx_word' id='word_1_192' title='bbox 390 2090 553 2142; x_wconf 88' lang='lat' dir='ltr'>erant</span> <span class='ocrx_word' id='word_1_193' title='bbox 591 2086 767 2141; x_wconf 87' lang='lat' dir='ltr'>totius</span> <span class='ocrx_word' id='word_1_194' title='bbox 811 2086 1100 2140; x_wconf 82' lang='lat' dir='ltr'>Graeciae:</span> <span class='ocrx_word' id='word_1_195' title='bbox 1149 2104 1386 2156; x_wconf 89' lang='lat' dir='ltr'>quorum</span> <span class='ocrx_word' id='word_1_196' title='bbox 1438 2086 1655 2157; x_wconf 79' lang='lat' dir='ltr'>imperii</span> <span class='ocrx_word' id='word_1_197' title='bbox 1701 2106 1806 2139; x_wconf 87' lang='lat' dir='ltr'>ma-</span> 
     </span>
    </p>

    <p class='ocr_par' dir='ltr' id='par_1_9' title="bbox 0 2157 1869 2540">
     <span class='ocr_line' id='line_1_27' title="bbox 0 2157 1805 2235; baseline -0.003 -15"><span class='ocrx_word' id='word_1_198' title='bbox 0 2157 7 2168; x_wconf 67' lang='grc'><strong>”</strong></span> <span class='ocrx_word' id='word_1_199' title='bbox 70 2167 260 2234; x_wconf 79' lang='lat' dir='ltr'>iestas,</span> <span class='ocrx_word' id='word_1_200' title='bbox 300 2181 478 2235; x_wconf 86' lang='lat' dir='ltr'>neque</span> <span class='ocrx_word' id='word_1_201' title='bbox 519 2162 602 2218; x_wconf 84' lang='lat' dir='ltr'>ita</span> <span class='ocrx_word' id='word_1_202' title='bbox 641 2163 821 2217; x_wconf 89' lang='lat' dir='ltr'>multo</span> <span class='ocrx_word' id='word_1_203' title='bbox 863 2166 1010 2234; x_wconf 87' lang='lat' dir='ltr'>post,</span> <span class='ocrx_word' id='word_1_204' title='bbox 1052 2160 1345 2217; x_wconf 89' lang='lat' dir='ltr'>Leuctrica</span> <span class='ocrx_word' id='word_1_205' title='bbox 1379 2182 1564 2235; x_wconf 83' lang='lat' dir='ltr'>pugna</span> <span class='ocrx_word' id='word_1_206' title='bbox 1599 2164 1667 2215; x_wconf 86' lang='lat' dir='ltr'>ab</span> <span class='ocrx_word' id='word_1_207' title='bbox 1705 2163 1805 2215; x_wconf 88' lang='lat' dir='ltr'>hoc</span> 
     </span>
     <span class='ocr_line' id='line_1_28' title="bbox 70 2238 1869 2312; baseline -0.003 -16"><span class='ocrx_word' id='word_1_208' title='bbox 70 2238 235 2296; x_wconf 69' lang='lat' dir='ltr'>initio</span> <span class='ocrx_word' id='word_1_209' title='bbox 272 2239 531 2312; x_wconf 72' lang='lat' dir='ltr'>perculsa</span> <span class='ocrx_word' id='word_1_210' title='bbox 569 2239 827 2295; x_wconf 83' lang='lat' dir='ltr'>concidit.</span> <span class='ocrx_word' id='word_1_211' title='bbox 888 2239 968 2293; x_wconf 87' lang='lat' dir='ltr'>illi</span> <span class='ocrx_word' id='word_1_212' title='bbox 1011 2239 1184 2311; x_wconf 84' lang='lat' dir='ltr'>igitur</span> <span class='ocrx_word' id='word_1_213' title='bbox 1223 2239 1529 2308; x_wconf 84' lang='lat' dir='ltr'>duodecim,</span> <span class='ocrx_word' id='word_1_214' title='bbox 1572 2258 1807 2309; x_wconf 85' lang='lat' dir='ltr'>quorum</span> <span class='ocrx_word' id='word_1_215' title='bbox 1843 2265 1869 2305; x_wconf 82' lang='lat'><strong>5</strong></span> 
     </span>
     <span class='ocr_line' id='line_1_29' title="bbox 74 2313 1809 2389; baseline -0.001 -19"><span class='ocrx_word' id='word_1_216' title='bbox 74 2313 185 2371; x_wconf 80' lang='lat' dir='ltr'>dux</span> <span class='ocrx_word' id='word_1_217' title='bbox 220 2320 344 2372; x_wconf 86' lang='lat' dir='ltr'>erat</span> <span class='ocrx_word' id='word_1_218' title='bbox 375 2315 687 2389; x_wconf 80' lang='lat' dir='ltr'>Pelopidas,</span> <span class='ocrx_word' id='word_1_219' title='bbox 730 2317 904 2384; x_wconf 88' lang='lat' dir='ltr'>[cum]</span> <span class='ocrx_word' id='word_1_220' title='bbox 941 2315 1179 2370; x_wconf 86' lang='lat' dir='ltr'>Athenis</span> <span class='ocrx_word' id='word_1_221' title='bbox 1214 2315 1452 2370; x_wconf 88' lang='lat' dir='ltr'>interdiu</span> <span class='ocrx_word' id='word_1_222' title='bbox 1500 2316 1809 2384; x_wconf 58' lang='lat' dir='ltr'>[exisse-affl,</span> 
     </span>
     <span class='ocr_line' id='line_1_30' title="bbox 75 2392 1808 2465; baseline -0.001 -19"><span class='ocrx_word' id='word_1_223' title='bbox 75 2393 141 2446; x_wconf 81' lang='lat' dir='ltr'>ut</span> <span class='ocrx_word' id='word_1_224' title='bbox 177 2397 595 2465; x_wconf 77' lang='lat' dir='ltr'>vesperascente</span> <span class='ocrx_word' id='word_1_225' title='bbox 629 2393 782 2448; x_wconf 87' lang='lat' dir='ltr'>caelo</span> <span class='ocrx_word' id='word_1_226' title='bbox 809 2392 1030 2447; x_wconf 88' lang='lat' dir='ltr'>Thebas</span> <span class='ocrx_word' id='word_1_227' title='bbox 1073 2397 1304 2463; x_wconf 88' lang='lat' dir='ltr'>possent</span> <span class='ocrx_word' id='word_1_228' title='bbox 1344 2392 1646 2463; x_wconf 76' lang='lat' dir='ltr'>pervenire,</span> <span class='ocrx_word' id='word_1_229' title='bbox 1683 2411 1808 2445; x_wconf 91' lang='lat' dir='ltr'>cum</span> 
     </span>
     <span class='ocr_line' id='line_1_31' title="bbox 75 2465 1809 2540; baseline -0.002 -17"><span class='ocrx_word' id='word_1_230' title='bbox 75 2465 307 2524; x_wconf 75' lang='lat' dir='ltr'>caniba·</span> <span class='ocrx_word' id='word_1_231' title='bbox 319 2469 591 2526; x_wconf 72' lang='lat' dir='ltr'>venaticis</span> <span class='ocrx_word' id='word_1_232' title='bbox 608 2470 879 2538; x_wconf 85' lang='lat' dir='ltr'>exierunt,</span> <span class='ocrx_word' id='word_1_233' title='bbox 906 2470 1046 2523; x_wconf 86' lang='lat' dir='ltr'>retia</span> <span class='ocrx_word' id='word_1_234' title='bbox 1072 2469 1329 2539; x_wconf 86' lang='lat' dir='ltr'>serentes,</span> <span class='ocrx_word' id='word_1_235' title='bbox 1358 2468 1562 2521; x_wconf 83' lang='lat' dir='ltr'>vestitu</span> <span class='ocrx_word' id='word_1_236' title='bbox 1582 2469 1809 2540; x_wconf 81' lang='lat' dir='ltr'>agresti,</span> 
     </span>
    </p>

    <p class='ocr_par' dir='ltr' id='par_1_10' title="bbox 0 2542 1809 2771">
     <span class='ocr_line' id='line_1_32' title="bbox 0 2542 1809 2619; baseline -0.003 -16"><span class='ocrx_word' id='word_1_237' title='bbox 0 2599 3 2603; x_wconf 79' lang='grc'>,</span> <span class='ocrx_word' id='word_1_238' title='bbox 74 2560 187 2616; x_wconf 86' lang='lat' dir='ltr'>quo</span> <span class='ocrx_word' id='word_1_239' title='bbox 235 2542 446 2603; x_wconf 78' lang='lat' dir='ltr'>minore</span> <span class='ocrx_word' id='word_1_240' title='bbox 492 2546 808 2619; x_wconf 81' lang='lat' dir='ltr'>suspicione</span> <span class='ocrx_word' id='word_1_241' title='bbox 857 2546 1104 2601; x_wconf 78' lang='lat' dir='ltr'>facerent</span> <span class='ocrx_word' id='word_1_242' title='bbox 1155 2547 1272 2599; x_wconf 90' lang='lat' dir='ltr'>iter.</span> <span class='ocrx_word' id='word_1_243' title='bbox 1355 2545 1448 2614; x_wconf 85' lang='lat' dir='ltr'>qui</span> <span class='ocrx_word' id='word_1_244' title='bbox 1501 2563 1625 2598; x_wconf 89' lang='lat' dir='ltr'>cum</span> <span class='ocrx_word' id='word_1_245' title='bbox 1675 2548 1809 2598; x_wconf 87' lang='lat' dir='ltr'>tem·</span> 
     </span>
     <span class='ocr_line' id='line_1_33' title="bbox 72 2618 1808 2695; baseline -0.001 -20"><span class='ocrx_word' id='word_1_246' title='bbox 72 2637 209 2693; x_wconf 87' lang='lat' dir='ltr'>pore</span> <span class='ocrx_word' id='word_1_247' title='bbox 249 2618 388 2693; x_wconf 81' lang='lat' dir='ltr'>ipse,</span> <span class='ocrx_word' id='word_1_248' title='bbox 424 2639 536 2695; x_wconf 86' lang='lat' dir='ltr'>quo</span> <span class='ocrx_word' id='word_1_249' title='bbox 576 2623 924 2693; x_wconf 83' lang='lat' dir='ltr'>studuerant,</span> <span class='ocrx_word' id='word_1_250' title='bbox 963 2623 1361 2694; x_wconf 83' lang='lat' dir='ltr'>pervenissent,</span> <span class='ocrx_word' id='word_1_251' title='bbox 1402 2621 1628 2674; x_wconf 88' lang='lat' dir='ltr'>domum</span> <span class='ocrx_word' id='word_1_252' title='bbox 1670 2619 1808 2675; x_wconf 87' lang='lat' dir='ltr'>Cha·</span> 
     </span>
     <span class='ocr_line' id='line_1_34' title="bbox 72 2694 1806 2771; baseline -0.002 -18"><span class='ocrx_word' id='word_1_253' title='bbox 72 2696 226 2753; x_wconf 77' lang='lat' dir='ltr'>tonis</span> <span class='ocrx_word' id='word_1_254' title='bbox 265 2694 637 2770; x_wconf 75' lang='lat' dir='ltr'>deverterunt,</span> <span class='ocrx_word' id='word_1_255' title='bbox 677 2718 711 2753; x_wconf 85' lang='lat' dir='ltr'>a</span> <span class='ocrx_word' id='word_1_256' title='bbox 743 2718 854 2771; x_wconf 93' lang='lat' dir='ltr'>quo</span> <span class='ocrx_word' id='word_1_257' title='bbox 887 2702 944 2753; x_wconf 90' lang='lat' dir='ltr'>et</span> <span class='ocrx_word' id='word_1_258' title='bbox 979 2703 1199 2769; x_wconf 85' lang='lat' dir='ltr'>tempus</span> <span class='ocrx_word' id='word_1_259' title='bbox 1234 2703 1290 2751; x_wconf 87' lang='lat' dir='ltr'>et</span> <span class='ocrx_word' id='word_1_260' title='bbox 1323 2697 1439 2751; x_wconf 84' lang='lat' dir='ltr'>dies</span> <span class='ocrx_word' id='word_1_261' title='bbox 1473 2701 1595 2751; x_wconf 90' lang='lat' dir='ltr'>erat</span> <span class='ocrx_word' id='word_1_262' title='bbox 1627 2697 1806 2751; x_wconf 84' lang='lat' dir='ltr'>datus.</span> 
     </span>
    </p>

    <p class='ocr_par' dir='ltr' id='par_1_11' title="bbox 51 2770 1873 3077">
     <span class='ocr_line' id='line_1_35' title="bbox 222 2770 1873 2847; baseline -0.003 -19"><span class='ocrx_word' id='word_1_263' title='bbox 222 2770 349 2828; x_wconf 85' lang='lat' dir='ltr'>Hoc</span> <span class='ocrx_word' id='word_1_264' title='bbox 390 2771 515 2829; x_wconf 78' lang='lat' dir='ltr'>loco</span> <span class='ocrx_word' id='word_1_265' title='bbox 554 2774 695 2830; x_wconf 80' lang='lat' dir='ltr'>libet</span> <span class='ocrx_word' id='word_1_266' title='bbox 734 2776 1105 2847; x_wconf 87' lang='lat' dir='ltr'>interponere,</span> <span class='ocrx_word' id='word_1_267' title='bbox 1147 2774 1253 2828; x_wconf 85' lang='lat' dir='ltr'>etsi</span> <span class='ocrx_word' id='word_1_268' title='bbox 1297 2774 1610 2828; x_wconf 89' lang='lat' dir='ltr'>seiunctum</span> <span class='ocrx_word' id='word_1_269' title='bbox 1645 2775 1713 2827; x_wconf 89' lang='lat' dir='ltr'>ab</span> <span class='ocrx_word' id='word_1_270' title='bbox 1752 2793 1805 2826; x_wconf 65' lang='lat' dir='ltr'>re·</span> <span class='ocrx_word' id='word_1_271' title='bbox 1841 2788 1873 2839; x_wconf 74' lang='lat'>3</span> 
     </span>
     <span class='ocr_line' id='line_1_36' title="bbox 69 2848 1799 2924; baseline -0.003 -17"><span class='ocrx_word' id='word_1_272' title='bbox 69 2848 364 2924; x_wconf 71' lang='lat' dir='ltr'>proposita</span> <span class='ocrx_word' id='word_1_273' title='bbox 402 2852 505 2919; x_wconf 77' lang='lat' dir='ltr'>est,</span> <span class='ocrx_word' id='word_1_274' title='bbox 543 2849 718 2907; x_wconf 82' lang='lat' dir='ltr'>nimia</span> <span class='ocrx_word' id='word_1_275' title='bbox 753 2852 958 2907; x_wconf 81' lang='lat' dir='ltr'>fiducia</span> <span class='ocrx_word' id='word_1_276' title='bbox 999 2855 1241 2923; x_wconf 81' lang='lat' dir='ltr'>quantae</span> <span class='ocrx_word' id='word_1_277' title='bbox 1284 2850 1593 2904; x_wconf 86' lang='lat' dir='ltr'>calamitati</span> <span class='ocrx_word' id='word_1_278' title='bbox 1628 2850 1799 2903; x_wconf 76' lang='lat' dir='ltr'>soleat</span> 
     </span>
     <span class='ocr_line' id='line_1_37' title="bbox 51 2926 1804 3000; baseline -0.005 -16"><span class='ocrx_word' id='word_1_279' title='bbox 51 2941 208 2984; x_wconf 59' lang='lat'>‘0000-</span> <span class='ocrx_word' id='word_1_280' title='bbox 265 2943 396 2981; x_wconf 86' lang='lat' dir='ltr'>nam</span> <span class='ocrx_word' id='word_1_281' title='bbox 432 2926 863 3000; x_wconf 77' lang='lat' dir='ltr'>magistratuum</span> <span class='ocrx_word' id='word_1_282' title='bbox 886 2927 1280 2982; x_wconf 81' lang='lat' dir='ltr'>Thebanorum</span> <span class='ocrx_word' id='word_1_283' title='bbox 1314 2927 1509 2981; x_wconf 86' lang='lat' dir='ltr'>statim</span> <span class='ocrx_word' id='word_1_284' title='bbox 1543 2927 1610 2980; x_wconf 86' lang='lat' dir='ltr'>ad</span> <span class='ocrx_word' id='word_1_285' title='bbox 1646 2944 1804 2979; x_wconf 77' lang='lat' dir='ltr'>aures</span> 
     </span>
     <span class='ocr_line' id='line_1_38' title="bbox 68 3000 1804 3077; baseline -0.005 -17"><span class='ocrx_word' id='word_1_286' title='bbox 68 3001 326 3077; x_wconf 71' lang='lat' dir='ltr'>pervenit</span> <span class='ocrx_word' id='word_1_287' title='bbox 364 3002 555 3058; x_wconf 72' lang='lat' dir='ltr'>exules</span> <span class='ocrx_word' id='word_1_288' title='bbox 595 3002 653 3058; x_wconf 90' lang='lat' dir='ltr'>in</span> <span class='ocrx_word' id='word_1_289' title='bbox 693 3002 887 3058; x_wconf 78' lang='lat' dir='ltr'>urbem</span> <span class='ocrx_word' id='word_1_290' title='bbox 921 3004 1151 3059; x_wconf 84' lang='lat' dir='ltr'>venisse.</span> <span class='ocrx_word' id='word_1_291' title='bbox 1217 3002 1272 3058; x_wconf 87' lang='lat' dir='ltr'>id</span> <span class='ocrx_word' id='word_1_292' title='bbox 1313 3002 1395 3057; x_wconf 91' lang='lat' dir='ltr'>illi</span> <span class='ocrx_word' id='word_1_293' title='bbox 1439 3003 1565 3056; x_wconf 83' lang='lat' dir='ltr'>vino</span> <span class='ocrx_word' id='word_1_294' title='bbox 1608 3000 1804 3072; x_wconf 83' lang='lat' dir='ltr'>epulis-</span> 
     </span>
    </p>
   </div>
  </div>
 </body>
</html>
