<?xml version="1.0" encoding="UTF-8"?>
<!DOCTYPE html PUBLIC "-//W3C//DTD XHTML 1.0 Transitional//EN"
    "http://www.w3.org/TR/xhtml1/DTD/xhtml1-transitional.dtd">
<html xmlns="http://www.w3.org/1999/xhtml" xml:lang="en" lang="en">
 <head>
  <title>
</title>
<meta http-equiv="Content-Type" content="text/html;charset=utf-8" />
  <meta name='ocr-system' content='tesseract 3.04.00' />
  <meta name='ocr-capabilities' content='ocr_page ocr_carea ocr_par ocr_line ocrx_word'/>
</head>
<body>
  <div class='ocr_page' id='page_1' title='image "./vitaenep00nepouoft_0110.png"; bbox 0 0 2019 3310; ppageno 0'>
   <div class='ocr_carea' id='block_1_1' title="bbox 824 708 1215 771">
    <p class='ocr_par' dir='ltr' id='par_1_1' title="bbox 824 708 1215 771">
     <span class='ocr_line' id='line_1_1' title="bbox 824 708 1215 771; baseline 0.003 -2"><span class='ocrx_word' id='word_1_1' title='bbox 824 708 933 770; x_wconf 86' lang='lat' dir='ltr'>EX</span> <span class='ocrx_word' id='word_1_2' title='bbox 979 710 1215 771; x_wconf 84' lang='lat' dir='ltr'>LIBRO</span> 
     </span>
    </p>
   </div>
   <div class='ocr_carea' id='block_1_2' title="bbox 492 848 1551 1049">
    <p class='ocr_par' dir='ltr' id='par_1_2' title="bbox 492 848 1551 1049">
     <span class='ocr_line' id='line_1_2' title="bbox 492 848 1551 924; baseline 0.004 -4"><span class='ocrx_word' id='word_1_3' title='bbox 492 848 1014 920; x_wconf 78' lang='lat' dir='ltr'>CORNELII</span> <span class='ocrx_word' id='word_1_4' title='bbox 1092 850 1551 924; x_wconf 78' lang='lat' dir='ltr'>NEPOTIS</span> 
     </span>
     <span class='ocr_line' id='line_1_3' title="bbox 557 989 1485 1049; baseline 0.005 -6"><span class='ocrx_word' id='word_1_5' title='bbox 557 991 657 1044; x_wconf 82' lang='lat' dir='ltr'>DE</span> <span class='ocrx_word' id='word_1_6' title='bbox 700 989 1002 1045; x_wconf 84' lang='lat' dir='ltr'><strong>LATINIS</strong></span> <span class='ocrx_word' id='word_1_7' title='bbox 1043 991 1485 1049; x_wconf 73' lang='lat' dir='ltr'>Hls&#39;roffloIs.</span> 
     </span>
    </p>
   </div>
   <div class='ocr_carea' id='block_1_3' title="bbox 781 1204 1266 1266">
    <p class='ocr_par' dir='ltr' id='par_1_3' title="bbox 781 1204 1266 1266">
     <span class='ocr_line' id='line_1_4' title="bbox 781 1204 1266 1266; baseline 0.002 -1"><span class='ocrx_word' id='word_1_8' title='bbox 781 1204 994 1265; x_wconf 88' lang='lat' dir='ltr'>XXIV.</span> <span class='ocrx_word' id='word_1_9' title='bbox 1044 1205 1266 1266; x_wconf 83' lang='lat' dir='ltr'>CATO.</span> 
     </span>
    </p>
   </div>
   <div class='ocr_carea' id='block_1_4' title="bbox 114 1321 1878 1471">
    <p class='ocr_par' dir='ltr' id='par_1_4' title="bbox 114 1321 1878 1471">
     <span class='ocr_line' id='line_1_5' title="bbox 114 1321 1878 1398; baseline 0.002 -22"><span class='ocrx_word' id='word_1_10' title='bbox 114 1325 139 1376; x_wconf 93' lang='lat' dir='ltr'>l</span> <span class='ocrx_word' id='word_1_11' title='bbox 318 1321 390 1375; x_wconf 88' lang='lat' dir='ltr'>M.</span> <span class='ocrx_word' id='word_1_12' title='bbox 425 1321 579 1393; x_wconf 75' lang='lat' dir='ltr'>Cato,</span> <span class='ocrx_word' id='word_1_13' title='bbox 613 1326 766 1376; x_wconf 90' lang='lat' dir='ltr'>ortus</span> <span class='ocrx_word' id='word_1_14' title='bbox 801 1323 1098 1394; x_wconf 88' lang='lat' dir='ltr'>municipio</span> <span class='ocrx_word' id='word_1_15' title='bbox 1132 1323 1385 1397; x_wconf 89' lang='lat' dir='ltr'>Tusculo,</span> <span class='ocrx_word' id='word_1_16' title='bbox 1419 1326 1878 1398; x_wconf 83' lang='lat' dir='ltr'>adulescentulus,</span> 
     </span>
     <span class='ocr_line' id='line_1_6' title="bbox 169 1397 1878 1471; baseline 0.003 -21"><span class='ocrx_word' id='word_1_17' title='bbox 169 1398 488 1467; x_wconf 88' lang='lat' dir='ltr'>priusquam</span> <span class='ocrx_word' id='word_1_18' title='bbox 534 1397 835 1451; x_wconf 84' lang='lat' dir='ltr'>honoribus</span> <span class='ocrx_word' id='word_1_19' title='bbox 885 1417 1107 1468; x_wconf 83' lang='lat' dir='ltr'>operam</span> <span class='ocrx_word' id='word_1_20' title='bbox 1155 1400 1332 1471; x_wconf 89' lang='lat' dir='ltr'>daret,</span> <span class='ocrx_word' id='word_1_21' title='bbox 1387 1403 1638 1454; x_wconf 83' lang='lat' dir='ltr'>versatus</span> <span class='ocrx_word' id='word_1_22' title='bbox 1688 1404 1774 1455; x_wconf 86' lang='lat' dir='ltr'>est</span> <span class='ocrx_word' id='word_1_23' title='bbox 1820 1402 1878 1455; x_wconf 91' lang='lat' dir='ltr'>in</span> 
     </span>
    </p>
   </div>
   <div class='ocr_carea' id='block_1_5' title="bbox 112 1470 1884 2973">
    <p class='ocr_par' dir='ltr' id='par_1_5' title="bbox 112 1470 1884 2973">
     <span class='ocr_line' id='line_1_7' title="bbox 173 1470 1877 1545; baseline 0.004 -20"><span class='ocrx_word' id='word_1_24' title='bbox 173 1472 406 1543; x_wconf 77' lang='lat' dir='ltr'>Sabinis,</span> <span class='ocrx_word' id='word_1_25' title='bbox 448 1474 592 1542; x_wconf 92' lang='lat' dir='ltr'>quod</span> <span class='ocrx_word' id='word_1_26' title='bbox 631 1474 710 1526; x_wconf 90' lang='lat' dir='ltr'>ibi</span> <span class='ocrx_word' id='word_1_27' title='bbox 748 1470 1032 1527; x_wconf 80' lang='lat' dir='ltr'><strong>heredium</strong></span> <span class='ocrx_word' id='word_1_28' title='bbox 1072 1493 1104 1527; x_wconf 91' lang='lat' dir='ltr'>a</span> <span class='ocrx_word' id='word_1_29' title='bbox 1143 1479 1301 1545; x_wconf 87' lang='lat' dir='ltr'>patre</span> <span class='ocrx_word' id='word_1_30' title='bbox 1333 1476 1590 1530; x_wconf 86' lang='lat' dir='ltr'>relictum</span> <span class='ocrx_word' id='word_1_31' title='bbox 1619 1476 1877 1531; x_wconf 86' lang='lat' dir='ltr'>habebat.</span> 
     </span>
     <span class='ocr_line' id='line_1_8' title="bbox 169 1547 1877 1619; baseline 0.002 -17"><span class='ocrx_word' id='word_1_32' title='bbox 169 1549 293 1602; x_wconf 90' lang='lat' dir='ltr'>inde</span> <span class='ocrx_word' id='word_1_33' title='bbox 348 1549 576 1601; x_wconf 85' lang='lat' dir='ltr'>hortatu</span> <span class='ocrx_word' id='word_1_34' title='bbox 623 1547 681 1600; x_wconf 92' lang='lat' dir='ltr'>L.</span> <span class='ocrx_word' id='word_1_35' title='bbox 724 1547 934 1601; x_wconf 89' lang='lat' dir='ltr'>Valerii</span> <span class='ocrx_word' id='word_1_36' title='bbox 981 1547 1195 1619; x_wconf 82' lang='lat' dir='ltr'><strong>Flacci,</strong></span> <span class='ocrx_word' id='word_1_37' title='bbox 1259 1569 1422 1619; x_wconf 84' lang='lat' dir='ltr'>quem</span> <span class='ocrx_word' id='word_1_38' title='bbox 1475 1552 1533 1604; x_wconf 90' lang='lat' dir='ltr'>in</span> <span class='ocrx_word' id='word_1_39' title='bbox 1589 1552 1877 1606; x_wconf 73' lang='lat' dir='ltr'>consulatu</span> 
     </span>
     <span class='ocr_line' id='line_1_9' title="bbox 171 1623 1878 1695; baseline 0.003 -19"><span class='ocrx_word' id='word_1_40' title='bbox 171 1642 504 1693; x_wconf 83' lang='lat' dir='ltr'>censuraque</span> <span class='ocrx_word' id='word_1_41' title='bbox 552 1623 748 1676; x_wconf 88' lang='lat' dir='ltr'>habuit</span> <span class='ocrx_word' id='word_1_42' title='bbox 796 1624 1090 1695; x_wconf 80' lang='lat' dir='ltr'>collegam,</span> <span class='ocrx_word' id='word_1_43' title='bbox 1140 1627 1204 1677; x_wconf 85' lang='lat' dir='ltr'>ut</span> <span class='ocrx_word' id='word_1_44' title='bbox 1250 1623 1323 1677; x_wconf 90' lang='lat' dir='ltr'>M.</span> <span class='ocrx_word' id='word_1_45' title='bbox 1364 1624 1650 1695; x_wconf 86' lang='lat' dir='ltr'>Perpenna</span> <span class='ocrx_word' id='word_1_46' title='bbox 1696 1645 1878 1681; x_wconf 85' lang='lat' dir='ltr'>censo-</span> 
     </span>
     <span class='ocr_line' id='line_1_10' title="bbox 173 1698 1878 1771; baseline 0.002 -19"><span class='ocrx_word' id='word_1_47' title='bbox 173 1700 285 1752; x_wconf 89' lang='lat' dir='ltr'>rius</span> <span class='ocrx_word' id='word_1_48' title='bbox 326 1707 548 1752; x_wconf 87' lang='lat' dir='ltr'>narrare</span> <span class='ocrx_word' id='word_1_49' title='bbox 593 1699 788 1752; x_wconf 85' lang='lat' dir='ltr'>solitus</span> <span class='ocrx_word' id='word_1_50' title='bbox 831 1702 936 1769; x_wconf 90' lang='lat' dir='ltr'>est,</span> <span class='ocrx_word' id='word_1_51' title='bbox 988 1698 1224 1752; x_wconf 87' lang='lat' dir='ltr'>Romam</span> <span class='ocrx_word' id='word_1_52' title='bbox 1272 1700 1601 1771; x_wconf 74' lang='lat' dir='ltr'>demigravit</span> <span class='ocrx_word' id='word_1_53' title='bbox 1640 1701 1698 1754; x_wconf 92' lang='lat' dir='ltr'>in</span> <span class='ocrx_word' id='word_1_54' title='bbox 1735 1701 1878 1755; x_wconf 82' lang='lat' dir='ltr'>foro-</span> 
     </span>
     <span class='ocr_line' id='line_1_11' title="bbox 112 1774 1879 1844; baseline 0.002 -17"><span class='ocrx_word' id='word_1_55' title='bbox 112 1788 137 1827; x_wconf 83' lang='lat'>2</span> <span class='ocrx_word' id='word_1_56' title='bbox 172 1793 275 1844; x_wconf 92' lang='lat' dir='ltr'>que</span> <span class='ocrx_word' id='word_1_57' title='bbox 310 1793 425 1827; x_wconf 87' lang='lat' dir='ltr'>esse</span> <span class='ocrx_word' id='word_1_58' title='bbox 461 1774 655 1843; x_wconf 91' lang='lat' dir='ltr'>coepit.</span> <span class='ocrx_word' id='word_1_59' title='bbox 715 1774 953 1843; x_wconf 91' lang='lat' dir='ltr'>primum</span> <span class='ocrx_word' id='word_1_60' title='bbox 995 1775 1329 1844; x_wconf 86' lang='lat' dir='ltr'>stipendium</span> <span class='ocrx_word' id='word_1_61' title='bbox 1369 1776 1571 1829; x_wconf 90' lang='lat' dir='ltr'>meruit</span> <span class='ocrx_word' id='word_1_62' title='bbox 1611 1794 1879 1830; x_wconf 86' lang='lat' dir='ltr'>annorum</span> 
     </span>
     <span class='ocr_line' id='line_1_12' title="bbox 171 1848 1877 1919; baseline 0.001 -16"><span class='ocrx_word' id='word_1_63' title='bbox 171 1850 356 1903; x_wconf 92' lang='lat' dir='ltr'>decem</span> <span class='ocrx_word' id='word_1_64' title='bbox 413 1853 744 1919; x_wconf 72' lang='lat' dir='ltr'>septemque.</span> <span class='ocrx_word' id='word_1_65' title='bbox 825 1849 886 1912; x_wconf 85' lang='lat' dir='ltr'>Q.</span> <span class='ocrx_word' id='word_1_66' title='bbox 934 1849 1109 1903; x_wconf 90' lang='lat' dir='ltr'>Fabio</span> <span class='ocrx_word' id='word_1_67' title='bbox 1161 1849 1233 1903; x_wconf 92' lang='lat' dir='ltr'>M.</span> <span class='ocrx_word' id='word_1_68' title='bbox 1275 1848 1502 1905; x_wconf 86' lang='lat' dir='ltr'>Claudio</span> <span class='ocrx_word' id='word_1_69' title='bbox 1561 1851 1877 1905; x_wconf 90' lang='lat' dir='ltr'>consulibus</span> 
     </span>
     <span class='ocr_line' id='line_1_13' title="bbox 172 1923 1880 1997; baseline 0.002 -20"><span class='ocrx_word' id='word_1_70' title='bbox 172 1925 424 1978; x_wconf 88' lang='lat' dir='ltr'>tribunus</span> <span class='ocrx_word' id='word_1_71' title='bbox 459 1925 698 1977; x_wconf 90' lang='lat' dir='ltr'>militum</span> <span class='ocrx_word' id='word_1_72' title='bbox 730 1926 788 1977; x_wconf 91' lang='lat' dir='ltr'>in</span> <span class='ocrx_word' id='word_1_73' title='bbox 823 1923 1010 1978; x_wconf 86' lang='lat' dir='ltr'>Sicilia</span> <span class='ocrx_word' id='word_1_74' title='bbox 1049 1924 1177 1978; x_wconf 72' lang='lat' dir='ltr'>fuit.¹</span> <span class='ocrx_word' id='word_1_75' title='bbox 1234 1926 1357 1979; x_wconf 92' lang='lat' dir='ltr'>inde</span> <span class='ocrx_word' id='word_1_76' title='bbox 1390 1929 1453 1979; x_wconf 90' lang='lat' dir='ltr'>ut</span> <span class='ocrx_word' id='word_1_77' title='bbox 1485 1926 1664 1997; x_wconf 90' lang='lat' dir='ltr'>rediit,</span> <span class='ocrx_word' id='word_1_78' title='bbox 1697 1930 1880 1980; x_wconf 88' lang='lat' dir='ltr'>castra</span> 
     </span>
     <span class='ocr_line' id='line_1_14' title="bbox 173 1998 1879 2072; baseline 0.002 -19"><span class='ocrx_word' id='word_1_79' title='bbox 173 2004 390 2054; x_wconf 87' lang='lat' dir='ltr'>secutus</span> <span class='ocrx_word' id='word_1_80' title='bbox 433 2004 518 2052; x_wconf 90' lang='lat' dir='ltr'>est</span> <span class='ocrx_word' id='word_1_81' title='bbox 558 1998 614 2053; x_wconf 83' lang='lat' dir='ltr'>C.</span> <span class='ocrx_word' id='word_1_82' title='bbox 657 1998 871 2054; x_wconf 83' lang='lat' dir='ltr'>Claudii</span> <span class='ocrx_word' id='word_1_83' title='bbox 911 1999 1173 2070; x_wconf 80' lang='lat' dir='ltr'>NeroniS,</span> <span class='ocrx_word' id='word_1_84' title='bbox 1221 2002 1515 2072; x_wconf 85' lang='lat' dir='ltr'>magnique</span> <span class='ocrx_word' id='word_1_85' title='bbox 1558 2020 1724 2072; x_wconf 83' lang='lat' dir='ltr'>opera</span> <span class='ocrx_word' id='word_1_86' title='bbox 1763 2002 1879 2056; x_wconf 92' lang='lat' dir='ltr'>eius</span> 
     </span>
     <span class='ocr_line' id='line_1_15' title="bbox 174 2074 1881 2147; baseline 0.001 -18"><span class='ocrx_word' id='word_1_87' title='bbox 174 2076 489 2129; x_wconf 84' lang='lat' dir='ltr'>existimata</span> <span class='ocrx_word' id='word_1_88' title='bbox 537 2078 621 2127; x_wconf 90' lang='lat' dir='ltr'>est</span> <span class='ocrx_word' id='word_1_89' title='bbox 671 2075 728 2127; x_wconf 90' lang='lat' dir='ltr'>in</span> <span class='ocrx_word' id='word_1_90' title='bbox 782 2075 990 2144; x_wconf 89' lang='lat' dir='ltr'>proelio</span> <span class='ocrx_word' id='word_1_91' title='bbox 1049 2076 1192 2146; x_wconf 89' lang='lat' dir='ltr'>apud</span> <span class='ocrx_word' id='word_1_92' title='bbox 1242 2074 1463 2147; x_wconf 81' lang='lat' dir='ltr'>Senam,</span> <span class='ocrx_word' id='word_1_93' title='bbox 1519 2095 1626 2147; x_wconf 91' lang='lat' dir='ltr'>quo</span> <span class='ocrx_word' id='word_1_94' title='bbox 1683 2077 1881 2131; x_wconf 87' lang='lat' dir='ltr'>cecidit</span> 
     </span>
     <span class='ocr_line' id='line_1_16' title="bbox 115 2149 1880 2223; baseline 0 -18"><span class='ocrx_word' id='word_1_95' title='bbox 115 2166 140 2204; x_wconf 84' lang='lat'><strong>3</strong></span> <span class='ocrx_word' id='word_1_96' title='bbox 173 2150 503 2220; x_wconf 83' lang='lat' dir='ltr'>Hasdrubal,</span> <span class='ocrx_word' id='word_1_97' title='bbox 534 2149 707 2202; x_wconf 87' lang='lat' dir='ltr'>frater</span> <span class='ocrx_word' id='word_1_98' title='bbox 731 2149 1075 2204; x_wconf 85' lang='lat' dir='ltr'>Hannibalis.</span> <span class='ocrx_word' id='word_1_99' title='bbox 1130 2154 1388 2221; x_wconf 74' lang='lat' dir='ltr'>quaestor</span> <span class='ocrx_word' id='word_1_100' title='bbox 1421 2152 1628 2223; x_wconf 89' lang='lat' dir='ltr'>obtigit</span> <span class='ocrx_word' id='word_1_101' title='bbox 1650 2150 1710 2204; x_wconf 93' lang='lat' dir='ltr'>P.</span> <span class='ocrx_word' id='word_1_102' title='bbox 1735 2151 1880 2205; x_wconf 90' lang='lat' dir='ltr'>Afri-</span> 
     </span>
     <span class='ocr_line' id='line_1_17' title="bbox 176 2225 1881 2296; baseline 0.001 -16"><span class='ocrx_word' id='word_1_103' title='bbox 176 2245 309 2280; x_wconf 90' lang='lat' dir='ltr'>cano</span> <span class='ocrx_word' id='word_1_104' title='bbox 359 2225 591 2295; x_wconf 89' lang='lat' dir='ltr'>consuli,</span> <span class='ocrx_word' id='word_1_105' title='bbox 643 2244 767 2278; x_wconf 89' lang='lat' dir='ltr'>cum</span> <span class='ocrx_word' id='word_1_106' title='bbox 817 2244 922 2295; x_wconf 88' lang='lat' dir='ltr'>quo</span> <span class='ocrx_word' id='word_1_107' title='bbox 970 2245 1081 2279; x_wconf 87' lang='lat' dir='ltr'>non</span> <span class='ocrx_word' id='word_1_108' title='bbox 1130 2245 1230 2296; x_wconf 90' lang='lat' dir='ltr'>pro</span> <span class='ocrx_word' id='word_1_109' title='bbox 1273 2227 1439 2281; x_wconf 88' lang='lat' dir='ltr'>sortis</span> <span class='ocrx_word' id='word_1_110' title='bbox 1478 2226 1881 2281; x_wconf 79' lang='lat' dir='ltr'>necessitudine</span> 
     </span>
     <span class='ocr_line' id='line_1_18' title="bbox 176 2301 1879 2370; baseline 0.001 -16"><span class='ocrx_word' id='word_1_111' title='bbox 176 2302 333 2354; x_wconf 82' lang='lat' dir='ltr'>vixit:</span> <span class='ocrx_word' id='word_1_112' title='bbox 388 2319 623 2370; x_wconf 88' lang='lat' dir='ltr'>namque</span> <span class='ocrx_word' id='word_1_113' title='bbox 664 2301 732 2353; x_wconf 93' lang='lat' dir='ltr'>ab</span> <span class='ocrx_word' id='word_1_114' title='bbox 774 2319 836 2353; x_wconf 93' lang='lat' dir='ltr'>eo</span> <span class='ocrx_word' id='word_1_115' title='bbox 876 2305 1142 2370; x_wconf 88' lang='lat' dir='ltr'>perpetua</span> <span class='ocrx_word' id='word_1_116' title='bbox 1181 2302 1442 2355; x_wconf 77' lang='lat' dir='ltr'>dissensit</span> <span class='ocrx_word' id='word_1_117' title='bbox 1480 2301 1608 2355; x_wconf 82' lang='lat' dir='ltr'>vita.</span> <span class='ocrx_word' id='word_1_118' title='bbox 1689 2302 1879 2356; x_wconf 89' lang='lat' dir='ltr'>aedilis</span> 
     </span>
     <span class='ocr_line' id='line_1_19' title="bbox 114 2375 1881 2447; baseline 0.001 -18"><span class='ocrx_word' id='word_1_119' title='bbox 114 2391 141 2428; x_wconf 83' lang='lat'>4</span> <span class='ocrx_word' id='word_1_120' title='bbox 175 2378 353 2446; x_wconf 84' lang='lat' dir='ltr'>plebei</span> <span class='ocrx_word' id='word_1_121' title='bbox 394 2375 573 2430; x_wconf 85' lang='lat' dir='ltr'>factus</span> <span class='ocrx_word' id='word_1_122' title='bbox 617 2379 700 2429; x_wconf 89' lang='lat' dir='ltr'>est</span> <span class='ocrx_word' id='word_1_123' title='bbox 740 2394 863 2429; x_wconf 90' lang='lat' dir='ltr'>cum</span> <span class='ocrx_word' id='word_1_124' title='bbox 905 2375 961 2430; x_wconf 83' lang='lat' dir='ltr'>O.</span> <span class='ocrx_word' id='word_1_125' title='bbox 1003 2375 1215 2429; x_wconf 88' lang='lat' dir='ltr'>Helvi0.</span> <span class='ocrx_word' id='word_1_126' title='bbox 1278 2379 1503 2446; x_wconf 89' lang='lat' dir='ltr'>praetor</span> <span class='ocrx_word' id='word_1_127' title='bbox 1541 2377 1881 2447; x_wconf 83' lang='lat' dir='ltr'>provinciam</span> 
     </span>
     <span class='ocr_line' id='line_1_20' title="bbox 178 2449 1882 2521; baseline 0.002 -17"><span class='ocrx_word' id='word_1_128' title='bbox 178 2452 418 2505; x_wconf 79' lang='lat' dir='ltr'>obtinuit</span> <span class='ocrx_word' id='word_1_129' title='bbox 469 2449 799 2520; x_wconf 83' lang='lat' dir='ltr'>Sardiniam,</span> <span class='ocrx_word' id='word_1_130' title='bbox 849 2470 911 2503; x_wconf 82' lang='lat' dir='ltr'>ex</span> <span class='ocrx_word' id='word_1_131' title='bbox 961 2470 1068 2520; x_wconf 87' lang='lat' dir='ltr'>qua</span> <span class='ocrx_word' id='word_1_132' title='bbox 1117 2454 1376 2520; x_wconf 88' lang='lat' dir='ltr'>quaestor</span> <span class='ocrx_word' id='word_1_133' title='bbox 1423 2452 1700 2521; x_wconf 88' lang='lat' dir='ltr'>superiore</span> <span class='ocrx_word' id='word_1_134' title='bbox 1749 2456 1882 2507; x_wconf 90' lang='lat' dir='ltr'>tem-</span> 
     </span>
     <span class='ocr_line' id='line_1_21' title="bbox 177 2525 1882 2599; baseline 0.002 -21"><span class='ocrx_word' id='word_1_135' title='bbox 177 2546 307 2597; x_wconf 90' lang='lat' dir='ltr'>pore</span> <span class='ocrx_word' id='word_1_136' title='bbox 343 2545 405 2579; x_wconf 82' lang='lat' dir='ltr'>ex</span> <span class='ocrx_word' id='word_1_137' title='bbox 432 2526 622 2580; x_wconf 86' lang='lat' dir='ltr'>Africa</span> <span class='ocrx_word' id='word_1_138' title='bbox 655 2526 915 2580; x_wconf 88' lang='lat' dir='ltr'>decedens</span> <span class='ocrx_word' id='word_1_139' title='bbox 950 2525 1012 2589; x_wconf 85' lang='lat' dir='ltr'>Q.</span> <span class='ocrx_word' id='word_1_140' title='bbox 1038 2526 1277 2578; x_wconf 87' lang='lat' dir='ltr'>Ennium</span> <span class='ocrx_word' id='word_1_141' title='bbox 1310 2529 1531 2596; x_wconf 71' lang='lat' dir='ltr'>poetam</span> <span class='ocrx_word' id='word_1_142' title='bbox 1568 2527 1882 2599; x_wconf 88' lang='lat' dir='ltr'>deduxerat,</span> 
     </span>
     <span class='ocr_line' id='line_1_22' title="bbox 178 2602 1883 2672; baseline 0.002 -18"><span class='ocrx_word' id='word_1_143' title='bbox 178 2602 322 2672; x_wconf 89' lang='lat' dir='ltr'>quod</span> <span class='ocrx_word' id='word_1_144' title='bbox 374 2621 481 2654; x_wconf 87' lang='lat' dir='ltr'>non</span> <span class='ocrx_word' id='word_1_145' title='bbox 530 2603 757 2655; x_wconf 88' lang='lat' dir='ltr'>minoris</span> <span class='ocrx_word' id='word_1_146' title='bbox 807 2602 1162 2654; x_wconf 86' lang='lat' dir='ltr'>aestimamus</span> <span class='ocrx_word' id='word_1_147' title='bbox 1211 2619 1375 2670; x_wconf 85' lang='lat' dir='ltr'>quam</span> <span class='ocrx_word' id='word_1_148' title='bbox 1425 2602 1724 2671; x_wconf 90' lang='lat' dir='ltr'>quemlibet</span> <span class='ocrx_word' id='word_1_149' title='bbox 1774 2622 1883 2657; x_wconf 82' lang='lat' dir='ltr'>am-</span> 
     </span>
     <span class='ocr_line' id='line_1_23' title="bbox 177 2675 1328 2747; baseline -0.001 -18"><span class='ocrx_word' id='word_1_150' title='bbox 177 2677 487 2747; x_wconf 88' lang='lat' dir='ltr'>plissimum</span> <span class='ocrx_word' id='word_1_151' title='bbox 531 2675 933 2730; x_wconf 83' lang='lat' dir='ltr'>Sardiniensem</span> <span class='ocrx_word' id='word_1_152' title='bbox 974 2676 1328 2746; x_wconf 85' lang='lat' dir='ltr'>triumphum.</span> 
     </span>
     <span class='ocr_line' id='line_1_24' title="bbox 120 2749 1883 2823; baseline -0.001 -17"><span class='ocrx_word' id='word_1_153' title='bbox 120 2753 153 2806; x_wconf 75' lang='lat'>‘2</span> <span class='ocrx_word' id='word_1_154' title='bbox 331 2749 691 2805; x_wconf 79' lang='lat' dir='ltr'>Consulatum</span> <span class='ocrx_word' id='word_1_155' title='bbox 733 2753 906 2823; x_wconf 87' lang='lat' dir='ltr'>gessit</span> <span class='ocrx_word' id='word_1_156' title='bbox 947 2770 1068 2806; x_wconf 90' lang='lat' dir='ltr'>cum</span> <span class='ocrx_word' id='word_1_157' title='bbox 1109 2750 1167 2804; x_wconf 90' lang='lat' dir='ltr'>L.</span> <span class='ocrx_word' id='word_1_158' title='bbox 1201 2750 1423 2804; x_wconf 86' lang='lat' dir='ltr'>Valerio</span> <span class='ocrx_word' id='word_1_159' title='bbox 1457 2751 1672 2807; x_wconf 87' lang='lat' dir='ltr'>Flacco.</span> <span class='ocrx_word' id='word_1_160' title='bbox 1735 2755 1883 2807; x_wconf 86' lang='lat' dir='ltr'>sorte</span> 
     </span>
     <span class='ocr_line' id='line_1_25' title="bbox 180 2827 1884 2897; baseline 0 -17"><span class='ocrx_word' id='word_1_161' title='bbox 180 2827 516 2897; x_wconf 85' lang='lat' dir='ltr'>provinciam</span> <span class='ocrx_word' id='word_1_162' title='bbox 557 2831 750 2880; x_wconf 82' lang='lat' dir='ltr'>nactus</span> <span class='ocrx_word' id='word_1_163' title='bbox 786 2827 1112 2897; x_wconf 89' lang='lat' dir='ltr'>Hispaniam</span> <span class='ocrx_word' id='word_1_164' title='bbox 1154 2827 1464 2880; x_wconf 87' lang='lat' dir='ltr'>citeriorem</span> <span class='ocrx_word' id='word_1_165' title='bbox 1497 2846 1562 2881; x_wconf 86' lang='lat' dir='ltr'>ex</span> <span class='ocrx_word' id='word_1_166' title='bbox 1593 2846 1658 2882; x_wconf 83' lang='lat' dir='ltr'>ea</span> <span class='ocrx_word' id='word_1_167' title='bbox 1694 2827 1884 2881; x_wconf 87' lang='lat' dir='ltr'>trium-</span> 
     </span>
     <span class='ocr_line' id='line_1_26' title="bbox 121 2900 1883 2973; baseline -0.001 -17"><span class='ocrx_word' id='word_1_168' title='bbox 121 2916 146 2956; x_wconf 83' lang='lat'>·2</span> <span class='ocrx_word' id='word_1_169' title='bbox 180 2902 357 2973; x_wconf 73' lang='lat' dir='ltr'>phum‘</span> <span class='ocrx_word' id='word_1_170' title='bbox 387 2902 710 2972; x_wconf 84' lang='lat' dir='ltr'>deportavit.</span> <span class='ocrx_word' id='word_1_171' title='bbox 765 2903 841 2954; x_wconf 91' lang='lat' dir='ltr'>ibi</span> <span class='ocrx_word' id='word_1_172' title='bbox 875 2921 998 2956; x_wconf 90' lang='lat' dir='ltr'>cum</span> <span class='ocrx_word' id='word_1_173' title='bbox 1032 2902 1237 2956; x_wconf 89' lang='lat' dir='ltr'>diutius</span> <span class='ocrx_word' id='word_1_174' title='bbox 1264 2906 1585 2973; x_wconf 86' lang='lat' dir='ltr'>moraretur,</span> <span class='ocrx_word' id='word_1_175' title='bbox 1616 2902 1673 2957; x_wconf 91' lang='lat' dir='ltr'>P.</span> <span class='ocrx_word' id='word_1_176' title='bbox 1699 2900 1883 2972; x_wconf 90' lang='lat' dir='ltr'>Scipio</span> 
     </span>
    </p>
   </div>
   <div class='ocr_carea' id='block_1_6' title="bbox 1978 2953 2019 3310">
    <p class='ocr_par' dir='ltr' id='par_1_6' title="bbox 1978 2953 2019 3310">
     <span class='ocr_line' id='line_1_27' title="bbox 1978 2953 2019 3310; textangle 90"><span class='ocrx_word' id='word_1_177' title='bbox 1978 3060 2019 3310; x_wconf 41' lang='grc' dir='ltr'>ξιξ-...μ-</span> <span class='ocrx_word' id='word_1_178' title='bbox 2011 2953 2019 2986; x_wconf 73' lang='grc'>.-</span> 
     </span>
    </p>
   </div>
  </div>
 </body>
</html>
