2019 3310
167 141 240 193 56
645 138 746 183 XV.
780 135 1241 182 EPAMINONDAS.
1295 142 1332 181 1.
1368 144 1408 182 Ξ.

636 292 762 353 XV.
811 292 1418 354 EPAMINONDAS.

107 415 136 468 1
316 411 746 482 EpaminondaS‚
786 409 1065 480 Polymnii
1105 411 1269 482 filius,
1309 411 1618 465 Thebanus.
1682 413 1747 466 de
1779 414 1884 467 hoc

165 489 489 560 priusquam
524 486 832 555 scribimuS‚
865 486 1000 540 haec
1026 487 1411 556 praecipienda
1434 487 1688 540 videntur
1719 489 1886 542 lecto·

166 566 334 632 ribuS‚
374 581 440 616 ne
475 562 682 614 alienos
717 579 897 614 mores
932 562 999 614 ad
1034 580 1162 615 suos
1188 562 1445 632 referant,
1476 581 1611 615 neve
1636 581 1714 632 ea,
1747 583 1885 633 quae

165 640 301 710 ipsis
343 638 551 690 leviora
592 640 742 706 sunt,
790 637 911 705 pari
952 638 1114 690 modo
1157 638 1299 707 apud
1341 642 1554 692 ceteros
1595 637 1765 692 fuisse
1807 659 1887 692 ar-

106 728 132 767 2
166 716 458 767 bitrentur.
510 712 712 765 scimus
747 713 893 764 enim
926 713 1172 766 musicen
1195 714 1404 766 nostris
1430 713 1677 767 moribus
1697 715 1887 768 abesse

168 809 198 842 a
238 788 503 858 principis
543 805 793 857 persona,
836 788 1037 840 saltare
1078 807 1207 841 vero
1250 789 1419 841 etiam
1451 789 1509 841 in
1541 789 1692 842 vitiis
1732 791 1888 859 poni:

168 883 306 934 quae
349 864 533 917 omnia
574 863 716 931 apud
759 861 999 916 Graecos
1033 867 1089 915 et
1122 867 1283 934 grata
1315 867 1371 916 et
1402 864 1560 917 laude
1594 865 1762 936 digna
1798 866 1888 918 du-

108 953 134 992 3
169 943 381 994 cuntur.
438 957 561 992 cum
589 942 772 990 autem
806 938 1108 1006 exprimere
1142 939 1443 1009 imaginem
1476 941 1888 994 consuetudinis

169 1019 334 1084 atque
375 1014 521 1066 vitae
563 1013 793 1065 velimus
834 1012 1275 1083 Epaminondae,
1325 1014 1465 1067 nihil
1514 1015 1763 1069 videmur
1803 1017 1888 1070 de-

167 1091 296 1143 bere
336 1089 804 1159 praetermittere,
848 1088 994 1157 quod
1034 1089 1310 1158 pertineat
1351 1090 1419 1141 ad
1459 1108 1580 1143 eam
1613 1091 1889 1145 declaran-

107 1179 136 1217 4
170 1166 308 1218 dam.
389 1182 556 1233 quare
598 1163 840 1216 dicemus
882 1163 1124 1232 primum
1163 1164 1228 1216 de
1271 1181 1469 1235 genere
1511 1165 1656 1237 eius,
1697 1167 1890 1220 deinde

170 1241 366 1310 quibus
416 1239 720 1308 disciplinis
770 1242 826 1291 et
876 1257 908 1290 a
956 1239 1155 1308 quibus
1207 1239 1281 1292 sit
1329 1240 1601 1310 eruditus,
1656 1245 1777 1295 tum
1826 1243 1891 1296 de

168 1316 414 1368 moribus
456 1315 772 1385 ingeniique
813 1313 1174 1368 facultatibus
1217 1318 1273 1367 et
1313 1315 1359 1368 si
1401 1334 1510 1385 qua
1547 1316 1657 1369 alia
1689 1336 1891 1372 memo-

168 1392 252 1443 ria
299 1391 466 1461 digna
515 1394 697 1459 erunt,
753 1393 1034 1459 postremo
1085 1390 1150 1443 de
1201 1390 1364 1444 rebus
1414 1391 1615 1463 gestis„
1672 1411 1811 1462 quae
1861 1413 1893 1446 a

170 1466 425 1536 plurimis
469 1465 637 1518 animi
679 1468 1090 1534 anteponuntur
1130 1465 1446 1519 virtutibus.

111 1541 146 1594 2
322 1539 503 1593 Natus
545 1541 717 1610 igitur
757 1545 928 1609 patre,
970 1559 1078 1609 quo
1112 1540 1364 1610 diximus,
1405 1559 1604 1612 genere
1640 1543 1895 1615 honest0‚

170 1635 378 1687 pauper
418 1617 529 1668 iam
572 1635 602 1667 a
644 1616 945 1668 maioribus
987 1616 1212 1669 relictus
1262 1621 1357 1686 est,
1410 1618 1656 1671 eruditus
1706 1622 1892 1672 autem

173 1693 250 1744 sic
291 1695 354 1744 ut
393 1709 553 1744 nemo
595 1690 889 1744 Thebanus
932 1692 1125 1761 magis,
1204 1710 1332 1744 nam
1374 1695 1430 1744 et
1471 1693 1795 1747 citharizare
1838 1699 1895 1748 et

173 1770 393 1820 cantare
444 1767 510 1818 ad
560 1766 888 1819 chordarum
938 1785 1133 1820 sonum
1174 1767 1367 1821 doctus
1409 1772 1495 1820 est
1536 1787 1567 1820 a
1606 1767 1894 1841 Dionysi0‚

174 1843 266 1912 qui
315 1861 425 1895 non
475 1842 684 1894 minore
735 1841 844 1894 fuit
883 1842 941 1894 in
982 1843 1206 1896 musicis
1249 1843 1426 1914 gloria
1468 1862 1634 1912 quam
1674 1843 1893 1899 Damon

174 1921 270 1970 aut
311 1916 605 1986 LamprUS‚
655 1936 887 1986 quorum
929 1918 1257 1989 pervulgata
1298 1922 1427 1972 sunt
1474 1920 1722 1991 nomina,
1772 1939 1887 1974 can-

113 2006 139 2046 ‘2
175 1997 293 2045 tare
335 1993 488 2044 tibiis
531 1993 599 2044 ab
636 1992 1050 2063 Olympiodor0‚
1093 1994 1294 2047 saltare
1336 2013 1368 2046 a
1401 1992 1770 2064 Calliphrone.
1835 2000 1894 2049 at

174 2067 560 2138 philosophiae
601 2072 1014 2137 praeceptorem
1054 2069 1251 2122 habuit
1290 2067 1481 2138 Lysim
1518 2069 1894 2142 Tarentinum,

175 2143 611 2214 Pythagoreum:
677 2143 758 2196 cui
813 2144 1033 2212 quidem
1082 2145 1159 2198 sic
1208 2144 1315 2198 fuit
1362 2144 1601 2216 deditus,
1657 2150 1721 2199 ut
1770 2147 1895 2200 adu-

174 2219 386 2271 lescens
429 2220 647 2271 tristem
686 2237 748 2271 ac
783 2237 1030 2272 severum
1065 2238 1250 2273 senem
1284 2220 1538 2273 omnibus
1573 2222 1895 2290 aequalibus

178 2295 290 2346 suis
332 2295 387 2346 in
428 2293 807 2346 familiaritate
873 2298 1276 2365 anteposuerit3
1326 2315 1500 2366 neque
1552 2298 1705 2366 prius
1770 2316 1896 2350 eum

179 2388 209 2421 a
251 2387 306 2421 se
349 2370 582 2438 dimisit,
625 2388 788 2438 quam
830 2369 886 2421 in
927 2369 1192 2423 doctrinis
1235 2374 1392 2423 tanto
1434 2373 1733 2424 antecessit
1773 2391 1896 2426 con-

178 2444 491 2513 discipu103‚
531 2448 594 2496 ut
627 2445 788 2498 facile
822 2445 1071 2516 intellegi
1105 2449 1296 2516 posset
1328 2446 1444 2515 pari
1482 2447 1643 2499 modo
1679 2466 1897 2518 supera-

117 2532 144 2571 3
179 2523 363 2571 turum
393 2538 581 2573 omnes
609 2521 664 2572 in
692 2520 889 2573 ceteris
916 2521 1144 2574 artibus.
1203 2524 1366 2589 atque
1394 2521 1527 2575 haec
1554 2522 1620 2574 ad
1646 2527 1898 2576 nostram

179 2595 630 2648 consuetudinem
673 2599 802 2648 sunt
843 2596 985 2648 levia
1025 2600 1081 2648 et
1129 2597 1315 2666 potius
1366 2598 1788 2669 contemnenda3
1840 2602 1898 2651 at

116 2682 146 2721 4
179 2669 235 2721 in
279 2668 529 2738 Graecia,
579 2671 769 2740 utique
819 2671 975 2740 olim
1028 2689 1262 2742 magnae
1311 2672 1458 2724 laudi
1500 2677 1671 2726 erant.
1750 2676 1899 2745 post-

180 2763 342 2814 quam
394 2745 635 2813 ephebus
687 2749 771 2798 est
820 2745 999 2799 factus
1049 2750 1104 2799 et
1155 2747 1463 2831 palaestrae
1505 2748 1633 2802 dare
1675 2766 1900 2819 operam

179 2820 386 2888 coepit,
443 2839 547 2872 non
610 2825 722 2873 tam
775 2821 1143 2892 magnitudini
1193 2823 1392 2875 virium
1450 2824 1678 2877 servivit
1733 2841 1899 2892 quam

177 2895 486 2948 velocitati:
544 2895 695 2947 illam
738 2897 883 2949 enim
926 2897 991 2949 ad
1034 2897 1370 2951 athletarum
1419 2917 1604 2968 usum,
1650 2898 1791 2952 hanc
1833 2899 1899 2951 ad

117 2983 145 3020 ε»
180 2970 313 3022 belli
356 2970 713 3022 existimabat
757 2972 1105 3039 [utilitatem]
1160 2973 1448 3042 pertinere.
1526 2974 1714 3043 itaque
1754 2992 1899 3026 exer·
