2164 3358
547 683 984 757 CORNELII
1040 683 1424 759 NEPOTIS

214 833 464 897 LIBER
514 834 624 896 DE
676 835 1370 899 EXOELLEN-TIBUS
1421 835 1772 898 DUCIBUS

481 971 1027 1029 EXTERARUM
1087 971 1503 1028 GENTIUM.

798 1139 1171 1187 PRAEFATIO.

258 1236 390 1293 Non
424 1236 622 1292 dubito
657 1235 777 1291 fore
811 1237 1128 1309 plerosque,
1163 1236 1372 1309 Attice,
1415 1237 1510 1308 qui
1552 1237 1660 1292 hoc
1695 1254 1872 1311 genus

106 1316 418 1388 scripturae
460 1314 581 1369 leve
624 1317 681 1368 et
721 1332 836 1369 non
878 1314 1018 1368 satis
1063 1315 1297 1387 dignum
1340 1334 1690 1370 summorum
1729 1317 1872 1371 viro·

104 1413 231 1449 rum
271 1392 527 1466 personis
569 1391 835 1461 iudicent,
883 1410 1010 1446 cum
1052 1392 1297 1446 relatum
1338 1393 1546 1465 legent,
1591 1393 1715 1464 quis
1759 1413 1875 1448 mu-

105 1471 282 1527 sicam
323 1469 576 1525 docuerit
616 1468 1095 1541 Epaminondam,
1152 1473 1251 1524 aut
1301 1470 1359 1523 in
1403 1469 1521 1524 eius
1564 1470 1874 1526 virtutibus

104 1547 550 1618 commemorari,
585 1547 825 1601 saltasse
854 1566 982 1601 eum
1010 1548 1302 1602 commode
1330 1548 1684 1620 scienterque
1715 1548 1873 1604 tibiis

103 1629 380 1682 cantasse.
455 1625 552 1680 sed
600 1624 661 1678 hi
711 1628 878 1678 erunt
918 1624 1058 1698 fere,
1114 1626 1210 1697 qui
1253 1630 1510 1698 expertes
1552 1626 1876 1682 litterarum

103 1703 448 1759 Graecarum
488 1702 631 1757 nihil
675 1706 918 1774 rectum,
967 1703 1079 1757 nisi
1130 1704 1279 1774 quod
1321 1705 1577 1775 ipsorum
1619 1705 1874 1760 moribus

103 1782 419 1854 conveniat,
459 1781 760 1853 putabunt.
818 1780 860 1834 ii
895 1780 942 1835 si
981 1781 1282 1836 didicerint
1314 1801 1428 1837 non
1463 1783 1657 1837 eadem
1701 1783 1875 1838 omni-

102 1861 209 1916 bus
258 1878 379 1915 esse
428 1858 670 1914 honesta
720 1862 889 1930 atque
940 1859 1153 1932 turpia,
1208 1859 1305 1914 sed
1356 1861 1545 1914 omnia
1595 1861 1875 1915 maiorum

102 1938 385 1993 institutis
427 1936 680 2008 iudicari,
720 1955 835 1991 non
870 1936 1301 1991 admirabuntur
1334 1956 1438 1992 nos
1476 1938 1535 1992 in
1571 1936 1873 1993 Graiorum

102 2015 413 2071 virtutibus
468 2014 811 2087 exponendis
871 2033 1055 2069 mores
1117 2034 1311 2070 eorum
1372 2019 1610 2071 secutos.
1692 2035 1873 2087 neque

104 2093 254 2149 enim
304 2091 529 2150 Cimoni
577 2092 688 2147 fuit
737 2095 926 2164 turpe,
975 2093 1412 2148 Atheniensium
1464 2112 1684 2149 summo
1735 2094 1873 2165 viro,

105 2189 360 2226 sororem
394 2189 723 2245 germanam
756 2170 964 2225 habere
998 2172 1057 2224 in
1090 2171 1472 2244 matrimoniO,
1508 2172 1714 2243 quippe
1746 2190 1873 2226 cum

106 2249 253 2304 cives
303 2249 423 2304 eius
474 2249 670 2304 eodem
718 2251 1016 2303 uterentur
1065 2249 1350 2305 instituto.
1425 2253 1486 2305 at
1539 2251 1594 2303 id
1647 2249 1872 2320 quidem

105 2327 317 2382 nostris
359 2327 613 2382 moribus
655 2325 813 2382 nefas
848 2326 1104 2381 habetur.
1164 2327 1316 2382 laudi
1350 2328 1409 2382 in
1445 2325 1614 2383 Creta
1648 2327 1874 2382 ducitur

107 2402 541 2460 adulescentulis
569 2423 738 2476 quam
769 2405 1045 2476 plurimos
1080 2405 1348 2460 habuisse
1376 2408 1674 2459 amatores
1716 2404 1873 2459 nulla

106 2478 513 2538 Lacedaemoni
542 2483 711 2537 vidua
745 2487 865 2536 tam
891 2487 979 2536 est
1012 2482 1237 2555 nobilis,
1273 2502 1413 2554 quae
1440 2501 1552 2536 non
1580 2482 1649 2536 ad
1677 2501 1873 2537 cenam

107 2560 201 2612 eat
236 2559 533 2630 [mercede]
563 2560 896 2615 condictam.
954 2561 1174 2634 magnis
1210 2562 1270 2614 in
1303 2560 1562 2614 laudibus
1598 2563 1724 2614 tota
1756 2559 1872 2614 fere

106 2633 218 2689 fuit
244 2633 480 2692 Graecia
511 2638 785 2693 victorem
814 2637 1110 2710 Olympiae
1146 2638 1325 2709 citari,
1360 2638 1418 2691 in
1454 2656 1713 2692 scaenam
1740 2657 1871 2692 vero

106 2711 332 2784 prodire
381 2732 445 2769 ac
492 2716 701 2787 populo
754 2734 874 2771 esse
926 2716 1248 2788 spectaculo
1299 2715 1511 2770 nemini
1562 2715 1621 2770 in
1663 2715 1873 2770 eisdem

106 2790 372 2863 gentibus
406 2789 516 2846 fuit
549 2793 904 2864 turpitudini.
964 2812 1105 2864 quae
1135 2793 1323 2848 omnia
1350 2793 1497 2865 apud
1531 2811 1635 2848 nos
1662 2793 1872 2865 partim

107 2865 363 2940 infamia,
411 2869 622 2940 partim
670 2871 910 2926 humilia
961 2875 1131 2942 atque
1184 2872 1253 2925 ab
1303 2871 1602 2926 honestate
1654 2873 1871 2925 remota

1910 1260 1934 1299 1

1910 1647 1936 1687 2

1909 1802 1934 1842 3

1908 2035 1934 2073 4

106 2949 410 3017 ponuntur.
485 2949 682 3001 contra
731 2967 797 3002 ea
844 2949 1112 3020 pleraque
1162 2949 1375 3004 nostris
1426 2949 1679 3003 moribus
1740 2949 1872 3000 sunt
1907 2962 1933 3001 5

105 3021 329 3095 decora,
380 3042 521 3095 quae
564 3024 710 3095 apud
751 3026 881 3080 illos
924 3027 1115 3098 turpia
1155 3030 1444 3098 putantur.
1513 3044 1680 3096 quem
1723 3024 1873 3078 enim
1962 3069 1966 3072 ,

200 3119 313 3156 comt
316 3130 439 3156 :::::
466 3122 502 3156 N
504 3130 618 3157 eeeee
1570 3119 1590 3157 1
