2164 3358
680 109 711 153 1.
754 107 1102 155 MiLTlADES.
1155 113 1195 155 7.
1230 115 1271 155 8.
1810 111 1838 164 ’ἵ

101 232 275 291 verba
306 231 440 289 fecit
464 231 639 288 frater
664 233 782 288 eius
810 231 1155 305 Stesagoras.
1197 251 1363 287 causa
1389 235 1615 305 cognita
1641 236 1840 306 capitis
1875 251 1903 290 6

103 309 396 367 absolutus
429 309 663 382 pecunia
698 309 969 364 multatus
995 312 1097 378 est,
1131 326 1302 379 eaque
1337 309 1404 363 lis
1434 311 1842 382 quinquaginta

102 385 333 443 talentis
383 386 681 440 aestimata
729 389 838 455 est,
894 389 1136 456 quantus
1194 385 1249 438 in
1301 385 1535 440 classem
1585 393 1840 458 sumptus

101 460 286 519 factus
320 466 456 517 erat.
513 462 655 517 hanc
681 460 969 532 pecuniam
1006 460 1151 531 quod
1187 461 1400 515 solvere
1436 463 1491 516 in
1525 464 1841 534 praesentia

101 557 214 595 non
262 542 511 611 poterat,
567 538 625 592 in
673 536 854 591 vincla
902 536 1126 608 publica
1177 538 1460 592 coniectus
1511 543 1598 593 est
1654 540 1841 610 ibique

102 614 250 671 diem
292 614 437 670 obiit
477 631 810 686 supremum.

256 689 364 747 Hic
403 690 510 746 etsi
550 689 780 744 crimine
816 688 980 742 Pario
1023 694 1110 743 est
1151 695 1462 761 accusatuS,
1503 697 1689 746 tamen
1731 692 1842 746 alia
1876 692 1906 740 9

102 786 271 824 causa
309 765 419 822 fuit
456 765 849 821 damnationis.
917 784 1155 836 namque
1197 766 1569 821 Athenienses
1612 773 1842 839 propter

103 842 387 899 Pisistrati
428 840 803 913 tyrannidem,
856 860 995 912 quae
1039 842 1229 912 paucis
1273 843 1430 896 annis
1473 848 1601 897 ante
1645 844 1840 914 suerat,

100 918 332 976 nimiam
365 917 569 973 civium
604 936 829 972 suorum
866 919 1175 989 potentiam
1212 920 1666 974 extimescebant.
1720 919 1840 973 Mil-
1876 940 1901 973 z

100 993 296 1066 tindes,
336 994 575 1049 multum
617 994 672 1048 in
714 994 966 1065 imperiis
1001 995 1535 1066 magistratibusque
1571 1001 1841 1066 versatus,

99 1089 213 1128 non
261 1069 555 1125 videbatur
603 1089 766 1142 posse
817 1088 936 1124 esse
994 1072 1270 1141 privatus,
1328 1073 1654 1142 praesertim
1715 1092 1839 1127 cum

100 1146 501 1204 consuetudine
550 1145 618 1200 ad
669 1146 885 1217 imperii
939 1147 1302 1217 cupiditatem
1356 1148 1499 1201 trahi
1546 1149 1838 1203 videretur.

99 1242 231 1280 nam
271 1224 328 1278 in
362 1221 710 1279 Chersoneso
754 1242 946 1276 omnes
988 1223 1114 1276 illos
1158 1243 1297 1294 quos
1340 1224 1624 1278 habitarat
1666 1244 1838 1279 annos
1874 1244 1900 1277 :1

100 1303 429 1373 perpetuam
446 1299 767 1354 obtinuerat
793 1299 1227 1353 dominationem
1259 1305 1638 1371 tyrannusque
1658 1302 1840 1356 fuerat

102 1375 442 1449 appellatus,
482 1375 576 1431 sed
618 1374 813 1429 iustus.
894 1394 1002 1428 non
1046 1382 1166 1429 erat
1208 1377 1355 1429 enim
1399 1378 1450 1430 vi
1494 1382 1841 1447 consecutus,

102 1450 197 1508 sed
231 1470 460 1508 suorum
493 1451 798 1521 voluntate,
835 1469 1066 1522 eamque
1102 1457 1440 1522 potestatem
1475 1453 1727 1507 bonitate
1763 1473 1840 1507 re·

101 1528 334 1584 tinebat.
385 1545 578 1583 omnes
611 1531 797 1582 autem
832 1532 888 1581 et
921 1528 1182 1582 dicuntur
1208 1534 1265 1582 et
1299 1529 1575 1583 habentur
1601 1532 1840 1600 tyranni,

101 1604 197 1678 qui
236 1607 521 1678 potestate
562 1607 693 1659 sunt
726 1609 994 1675 perpetua
1029 1606 1083 1658 in
1120 1623 1183 1658 ea
1217 1606 1461 1674 civitate,
1503 1625 1643 1676 quae
1680 1607 1838 1660 liber-

99 1684 220 1736 tate
260 1698 364 1736 usa
403 1684 504 1735 est.
561 1680 656 1735 sed
690 1680 746 1734 in
781 1678 1033 1734 Miltiade
1068 1685 1189 1734 erat
1224 1700 1348 1734 cum
1392 1701 1608 1736 summa
1650 1682 1837 1736 huma·
1873 1698 1898 1736 4

99 1756 249 1814 nitas
298 1761 419 1812 tum
469 1756 610 1811 mira
659 1758 1055 1827 communitas,
1114 1762 1176 1811 ut
1228 1777 1390 1811 nemo
1442 1763 1556 1812 tam
1609 1759 1836 1812 humilis

100 1837 274 1905 esset,
321 1833 409 1888 cui
458 1852 569 1888 non
610 1832 679 1887 ad
720 1852 844 1887 eum
888 1834 1072 1887 aditus
1116 1838 1357 1904 pateret3
1410 1853 1611 1906 magna
1653 1840 1838 1890 aucto·

101 1910 242 1965 ritas
288 1909 433 1982 apud
483 1927 676 1964 omnes
726 1909 1008 1979 civitates,
1065 1910 1250 1964 nobile
1306 1928 1531 1980 nomen,
1591 1912 1709 1965 laus
1761 1913 1834 1964 rei

102 1985 364 2041 militaris
390 1985 646 2041 maxima.
699 1985 833 2041 haec
861 1986 1102 2057 populus
1129 1987 1429 2057 respiciens
1457 1988 1655 2041 maluit
1680 1988 1836 2041 illum

101 2062 390 2119 innoxium
432 2062 601 2133 plecti
646 2080 811 2132 quam
856 2081 913 2116 se
955 2062 1165 2117 diutius
1208 2082 1327 2117 esse
1370 2064 1425 2118 in
1468 2064 1682 2117 timore.

589 2322 666 2384 11.
717 2322 1350 2386 THEMISTOCLES.

253 2438 683 2513 Themistocles,
741 2441 934 2497 Neocli
988 2443 1158 2513 filius,
1217 2444 1591 2498 Atheniensis.
1673 2444 1895 2499 huiusi

107 2513 246 2570 vitia
272 2514 518 2574 heuntis
551 2517 958 2574 adulescentiae
997 2521 1211 2591 magnis
1247 2526 1377 2573 sunt
1411 2519 1700 2574 emendata
1735 2521 1837 2573 vir·

107 2588 350 2663 tutibus,
394 2593 530 2650 adeo
571 2599 635 2650 ut
674 2595 1020 2651 anteferatur
1061 2596 1188 2650 huic
1232 2615 1415 2662 nemo,
1467 2596 1623 2666 pauci
1677 2615 1836 2667 pares

106 2670 389 2798 §utentum
473 2670 568 2726 sed
617 2671 687 2727 ab
746 2672 907 2727 initio
965 2677 1050 2726 est
1107 2672 1417 2726 ordiendus.
1512 2678 1670 2742 pater
1720 2673 1836 2726 eius
1871 2688 1895 2726 2

164 2741 346 2798 coele·
385 2760 686 2818 generosus
727 2747 850 2802 fuit.
915 2748 962 2801 is
1005 2766 1231 2802 uxorem
1271 2749 1616 2803 Acarnanam
1661 2749 1832 2802 civem

0 2818 7 2867 .'
104 2817 281 2889 duxit,
319 2836 386 2874 ex
426 2836 538 2891 qua
566 2827 732 2878 natus
765 2830 853 2880 est
884 2822 1304 2878 Themistocles.
1366 2824 1459 2895 qui
1495 2843 1617 2878 cum
1656 2825 1835 2878 minus

0 2892 3 2957 s
105 2898 257 2951 esset
296 2894 568 2967 probatus
607 2900 949 2969 parentibus,
990 2900 1133 2971 quod
1170 2904 1228 2953 et
1262 2900 1489 2954 liberius
1525 2901 1746 2954 vivebat
1781 2903 1836 2951 et

0 2963 9 2987 ¹
103 2987 224 3027 rem
264 2969 599 3027 familiarem
638 2974 995 3048 neglegebat,
1043 2995 1075 3029 a
1123 2979 1280 3046 patre
1330 2976 1693 3030 exheredatus
1737 2978 1838 3028 est.
