2164 3358
639 112 764 159 XIII.
800 113 1184 161 TIMOTHEUS.
1237 120 1278 160 2.
1314 120 1355 161 3.
1807 119 1877 171 47

123 256 231 310 que
256 237 386 292 dein
411 237 666 293 adiunxit
684 238 970 311 Epirotas,
989 237 1356 311 AthamanaS,
1384 239 1643 296 Chaonas
1668 262 1879 297 omnes—

123 333 230 387 que
272 333 366 370 eas
409 320 633 388 genteS,
676 335 817 388 quae
861 335 1014 372 mare
1055 316 1194 371 illud
1237 318 1508 373 adiacent.
1576 338 1684 389 quo
1728 319 1878 375 facto
1915 335 1940 375 2

4 412 11 418 ·
121 389 551 448 Lacedaemonii
609 393 675 447 de
731 393 951 448 diutina
1008 395 1369 449 contentione
1428 396 1769 450 destiterunt
1823 403 1879 451 et

122 487 225 524 sua
250 474 452 540 sponte
478 469 923 524 Atheniensibus
950 470 1171 543 imperii
1200 472 1472 526 maritimi
1500 474 1878 544 principatum

121 550 542 619 concesserunt,
590 565 895 618 pacemque
947 547 1016 602 iis
1060 548 1280 621 legibus
1326 551 1766 621 constituerunt,
1815 556 1879 605 ut

120 622 499 679 Athenienses
541 623 682 677 mari
724 623 891 678 duces
935 630 1137 679 essent.
1220 645 1361 697 quae
1406 628 1642 682 victoria
1684 631 1876 682 tantae

121 698 230 755 fuit
254 700 465 756 Atticis
499 699 768 771 laetitiae,
802 704 866 755 ut
900 704 1021 756 tum
1055 703 1301 774 primum
1336 722 1462 758 arae
1491 704 1623 760 Paci
1654 706 1876 777 publice

121 778 236 833 sint
274 776 459 833 factae
499 776 660 848 eique
702 777 835 832 deae
876 779 1137 850 pulvinar
1178 781 1254 835 sit
1295 780 1637 836 institutum.
1720 783 1874 837 cuius
1910 798 1936 838 3

119 854 300 911 laudis
332 857 399 908 ut
431 854 704 909 memoria
736 859 1003 927 maneret,
1038 856 1336 912 Timotheo
1371 859 1595 929 publice
1627 863 1875 914 statuam

116 931 178 986 in
207 930 332 986 foro
365 934 692 1003 posuerunt.
755 933 850 1004 qui
884 932 1064 988 honos
1100 934 1230 990 huic
1264 936 1360 989 uni
1397 939 1526 991 ante
1561 937 1617 991 id
1652 941 1873 1008 tempus

116 1007 384 1082 contigit,
440 1011 528 1081 ut,
587 1027 714 1063 cum
763 1011 914 1081 patri
975 1012 1216 1083 populus
1269 1015 1518 1067 statuam
1576 1015 1874 1086 posuisset,

115 1084 233 1141 fflio
276 1104 499 1158 quoque
541 1086 714 1141 daret.
794 1087 874 1142 sic
916 1087 1073 1142 iuxta
1117 1090 1306 1160 posita
1347 1109 1538 1146 recens
1582 1092 1684 1145 filii
1727 1096 1874 1146 vete-

115 1181 235 1218 rem
275 1163 454 1234 patris
498 1164 789 1218 renovavit
831 1166 1175 1220 memoriam.

268 1239 378 1295 Hic
420 1259 546 1295 cum
588 1244 737 1296 esset
770 1260 975 1314 magno
1010 1247 1147 1297 natu
1182 1248 1239 1298 et
1273 1247 1643 1318 magistratus
1678 1264 1871 1318 gerere
1906 1248 1940 1302 3

114 1316 369 1390 desisset,
409 1317 558 1372 bello
593 1317 970 1373 Athenienses
1004 1321 1248 1392 undique
1282 1324 1462 1394 premi
1505 1328 1636 1377 sunt
1672 1325 1870 1394 coepti.

114 1393 396 1450 defecerat
422 1392 639 1466 Samus,
673 1395 947 1450 descierat
974 1395 1395 1471 Hellespontus,
1429 1399 1728 1471 Philippus
1758 1401 1870 1454 iam

114 1474 236 1527 tum
285 1472 476 1527 valens
526 1472 707 1526 multa
758 1474 1122 1529 moliebatur:
1172 1477 1260 1530 cui
1310 1478 1606 1549 oppositus
1658 1476 1868 1532 Chares

113 1567 240 1604 cum
289 1552 461 1621 esset,
512 1567 626 1603 non
675 1550 814 1604 satis
865 1551 923 1605 in
971 1570 1036 1606 eo
1086 1554 1351 1624 praesidii
1399 1556 1724 1626 putabatur.
1804 1556 1868 1609 fit
1904 1570 1931 1610 2

110 1624 474 1682 Menestheus
514 1630 759 1699 praetor,
800 1627 949 1682 filius
992 1628 1312 1701 IphicratiS,
1357 1651 1530 1704 gener
1570 1632 1869 1703 Timothei,

110 1706 169 1759 et
199 1706 266 1758 ut
299 1703 367 1758 ad
407 1703 619 1758 bellum
659 1704 1052 1776 proficiscatur
1093 1707 1424 1763 decernitur.
1486 1710 1618 1764 huic
1651 1711 1709 1764 in
1745 1729 1868 1765 con-

112 1780 301 1836 silium
348 1781 553 1835 dantur
599 1782 708 1836 viri
755 1782 862 1837 duo
917 1802 1023 1838 usu
1073 1786 1459 1857 sapientiaque
1513 1791 1867 1858 praestantes

114 1857 377 1929 [quorum
419 1858 654 1914 consilio
704 1862 1007 1932 uteretur],
1059 1866 1223 1933 pater
1271 1867 1327 1917 et
1379 1882 1560 1936 socer,
1611 1866 1760 1936 quod
1809 1866 1866 1919 in

108 1933 198 1990 his
248 1938 409 1990 tanta
457 1939 580 1990 erat
629 1937 963 2009 auctoritaS,
1020 1942 1084 1993 ut
1134 1959 1339 2013 magna
1389 1960 1516 2012 spes
1568 1946 1718 1997 esset
1767 1962 1866 2013 per

108 2030 205 2068 eos
246 2012 454 2067 amissa
492 2032 658 2085 posse
701 2015 1032 2086 recuperari.
1098 2017 1138 2070 ii
1182 2036 1306 2072 cum
1352 2016 1583 2073 Samum
1624 2019 1862 2091 profecti
1898 2035 1924 2073 3

107 2093 298 2145 essent
338 2094 397 2145 et
437 2090 632 2145 eodem
667 2089 876 2147 Chares
919 2093 1148 2148 illorum
1190 2095 1433 2150 adventu
1468 2098 1696 2169 cognito
1738 2116 1861 2150 cum

107 2166 224 2222 suis
268 2167 444 2240 copiis
485 2168 951 2241 proficisceretur,
992 2190 1060 2225 ne
1105 2172 1236 2242 quid
1279 2173 1511 2228 absente
1547 2193 1602 2227 se
1638 2178 1861 2246 gestum

105 2242 410 2316 videretur,
463 2245 688 2317 accidit,
743 2266 869 2301 cum
920 2247 987 2302 ad
1037 2248 1279 2304 insulam
1329 2251 1862 2322 appropinquarent,

107 2322 173 2375 ut
210 2339 416 2396 magna
456 2325 765 2394 tempestas
808 2328 1086 2379 oreretur:
1145 2345 1312 2398 quam
1364 2328 1572 2381 evitare
1623 2328 1730 2381 duo
1775 2348 1860 2382 ve-

108 2398 255 2452 teres
307 2399 679 2472 imperatores
732 2401 872 2456 utile
927 2403 1187 2457 arbitrati
1239 2424 1398 2459 suam
1449 2405 1683 2458 classem
1734 2423 1858 2476 sup-

107 2480 445 2545 presserunt.
518 2482 578 2531 at
619 2478 714 2532 ille
756 2480 1056 2534 temeraria
1098 2500 1230 2535 usus
1274 2482 1489 2535 ratione
1533 2501 1645 2536 non
1689 2483 1858 2536 cessit
1895 2497 1917 2537 4

106 2549 382 2607 maiorum
428 2558 567 2609 natu
616 2557 969 2628 auctoritati,
1026 2558 1180 2612 velut
1234 2559 1290 2611 in
1340 2578 1439 2612 sua
1493 2579 1658 2614 manu
1708 2564 1856 2614 esset

103 2626 347 2683 fortuna.
424 2648 533 2702 quo
576 2633 965 2705 contenderat,
1005 2636 1283 2706 pervenit,
1325 2635 1629 2707 eodemque
1671 2641 1735 2690 ut
1777 2656 1856 2691 se-

104 2708 424 2776 querentur,
455 2707 524 2761 ad
548 2707 910 2765 Timotheum
944 2715 1002 2765 et
1035 2710 1355 2783 Iphicraten
1389 2713 1649 2767 nuntium
1685 2714 1854 2767 misit.

12 2798 25 2834 '1
100 2781 233 2837 hinc
274 2781 418 2836 male
460 2801 518 2837 re
565 2790 751 2858 gesta,
800 2789 1184 2860 compluribus
1228 2789 1450 2844 amissis
1494 2791 1730 2844 navibus
1774 2810 1853 2860 eo,

6 2840 40 2930 ἶ
97 2858 244 2914 unde
294 2862 416 2913 erat
463 2859 773 2935 profectus,
826 2883 884 2919 se
942 2867 1154 2936 recepit
1213 2866 1546 2938 litterasque
1598 2868 1850 2921 Athenas

96 2935 321 3008 publice
363 2935 535 3007 misit,
577 2937 684 2992 sibi
725 2942 971 3010 proclive
1014 2942 1186 2996 fuisse
1224 2941 1453 2998 Samum
1498 2963 1707 3014 capere,
1742 2943 1848 2996 nisi

96 3029 132 3067 a
161 3011 460 3069 Timotheo
494 3016 552 3068 et
584 3012 867 3086 Iphicrate
901 3019 1154 3074 desertus
1198 3024 1362 3075 esset.
1427 3022 1665 3092 populus
1709 3038 1848 3087 acer,
1883 3034 1909 3072 5
