2164 3358
795 109 850 155 X.
888 109 1054 156 DION.
1106 115 1146 156 8.
1184 116 1210 155 9
1812 117 1881 168 41

287 231 443 289 Haeo
491 234 588 289 ille
641 235 864 290 intuens
908 254 1034 290 cum
1076 254 1243 306 quem
1286 235 1354 290 ad
1398 237 1624 292 modum
1665 239 1888 294 sedaret
1923 243 1955 297 8

133 309 378 365 nesciret
433 315 492 366 et
548 330 818 383 quorsum
875 311 1175 366 evaderent
1238 313 1488 383 timeret,
1554 312 1886 371 Callicrates

134 385 379 458 quidam,
421 388 557 443 civis
593 388 973 458 Atheniensis,
1015 389 1111 459 qui
1154 388 1320 443 simul
1364 409 1490 444 cum
1532 409 1597 445 eo
1632 411 1698 445 ex
1732 391 1889 447 Pelo-

132 481 384 534 ponneso
426 464 486 519 in
529 463 780 520 Siciliam
822 469 1074 535 venerat,
1124 465 1294 520 homo
1345 470 1403 520 et
1445 467 1678 522 callidus
1721 473 1779 522 et
1820 470 1888 523 ad

132 538 387 596 fraudem
437 546 659 613 acutus,
708 542 827 596 sine
877 541 993 595 ulla
1034 541 1306 614 religione
1348 562 1412 597 ac
1454 543 1587 615 fide,
1638 545 1778 599 adiit
1820 546 1887 600 ad

134 615 376 673 Dionem
426 622 484 673 et
532 618 636 673 ait:
685 637 812 672 eum
854 636 1060 691 magno
1104 619 1161 672 in
1202 620 1451 690 periculo
1495 640 1615 675 esse
1656 626 1889 694 propter
1924 638 1949 678 2

136 693 500 750 offensionem
531 694 727 766 populi
753 699 811 750 et
838 695 1027 749 odium
1063 695 1328 765 militum,
1364 698 1512 767 quod
1538 699 1693 752 nullo
1722 699 1887 754 modo

135 771 347 826 evitare
386 775 595 842 posset,
634 771 745 826 nisi
780 771 948 826 alicui
983 791 1213 826 suorum
1236 774 1539 858 negotium
1575 775 1749 846 daret,
1792 776 1887 847 qui

136 866 195 903 se
220 847 514 903 simularet
538 847 664 902 illi
649 848 954 903 mimicum.
1010 868 1175 920 quem
1203 850 1249 903 si
1277 850 1585 905 invenisset
1610 852 1888 924 idoneum,

134 922 298 980 facile
331 925 583 979 omnium
616 926 834 980 animos
870 945 951 980 co‹
939 926 1231 998 ‹gniturum
1265 927 1726 999 adversariosque
1763 931 1888 983 sub-

133 1000 397 1071 laturum,
431 1001 578 1073 quod
613 1003 826 1057 inimici
861 1003 978 1057 eius
1015 1003 1308 1058 dissidenti
1344 1022 1474 1059 suos
1510 1024 1706 1060 sensus
1734 1025 1889 1077 aper-

132 1078 248 1132 turi
303 1077 504 1133 forent.
586 1080 687 1133 tali
730 1079 966 1134 consilio
1009 1081 1250 1151 probato
1294 1082 1514 1152 excepit
1555 1082 1656 1136 has
1698 1088 1888 1154 partes
1924 1100 1949 1139 3

131 1154 254 1226 ipse
295 1153 628 1211 Callicrates
671 1160 728 1210 et
769 1175 827 1211 se
870 1162 1054 1210 armat
1105 1157 1482 1228 imprudentia
1525 1157 1738 1214 Dionis.
1821 1161 1889 1214 ad

133 1250 261 1286 eum
303 1232 756 1287 interficiundum
798 1234 981 1288 socios
1025 1234 1335 1305 conquirit,
1377 1236 1727 1291 adversarios
1770 1238 1888 1291 eius

134 1310 412 1379 convenit,
453 1310 839 1365 coniuratione
882 1311 1193 1365 confirmat.
1257 1330 1368 1381 reS,
1413 1313 1605 1366 multis
1649 1315 1888 1368 consciis
1924 1330 1950 1370 4

134 1404 276 1457 quae
300 1390 580 1459 ageretur,
613 1387 763 1441 elata
787 1387 1036 1442 defertur
1063 1387 1131 1441 ad
1157 1387 1610 1460 Aristomachen,
1637 1409 1888 1445 sororem

131 1460 357 1533 Dionis,
408 1482 748 1549 uxoremque
798 1464 1025 1518 Areten.
1106 1464 1236 1518 illae
1292 1465 1494 1520 timore
1555 1468 1888 1537 perterritae

133 1507 487 1611 conveniunt,
528 1541 685 1596 cuius
727 1541 793 1596 de
835 1541 1084 1612 periculo
1130 1541 1421 1596 timebant.
1489 1550 1548 1597 at
1590 1544 1684 1598 ille
1718 1549 1889 1617 negat

131 1633 166 1671 a
205 1614 507 1672 Callicrate
549 1617 668 1672 fieri
712 1618 821 1672 sibi
864 1618 1121 1688 insidiaS,
1171 1619 1266 1672 sed
1311 1620 1435 1689 illa,
1479 1639 1620 1690 quae
1663 1640 1888 1694 ageren-

130 1696 239 1763 tur,
280 1693 401 1749 fieri
441 1698 742 1766 praecepto
785 1714 902 1749 suo.
978 1695 1239 1749 mulieres
1281 1697 1459 1751 nihilo
1504 1699 1678 1751 setius
1722 1697 1886 1753 Calli·
1922 1716 1946 1754 5

132 1771 384 1826 cratem
369 1790 429 1826 ιιι
454 1771 647 1827 aedem
666 1770 1037 1844 Proserpinae
1064 1772 1345 1827 deducunt
1363 1792 1427 1827 ac
1455 1774 1637 1828 iurare
1662 1781 1887 1847 cogunt,

129 1846 272 1902 nihil
323 1848 394 1902 ab
445 1848 542 1903 illo
592 1848 826 1920 periculi
876 1849 995 1903 fore
1047 1848 1231 1903 Dioni.
1316 1851 1409 1904 ille
1460 1851 1564 1904 hac
1615 1853 1886 1924 religione

130 1941 243 1979 non
278 1925 442 1980 modo
475 1944 589 1980 non
623 1931 711 1979 est
743 1926 1062 1996 deterrituS,
1104 1926 1198 1980 sed
1235 1927 1302 1980 ad
1331 1897 1754 1983 maturandumC>
1763 1949 1884 1983 con-

132 2000 341 2056 citatus
375 2005 478 2072 est,
511 2021 707 2058 verens
741 2022 809 2057 ne
844 2003 998 2074 prius
1034 2003 1331 2058 consilium
1365 2005 1679 2075 aperiretur
1708 2025 1884 2074 suuni,

131 2095 301 2149 quam
343 2079 596 2152 cogitata
637 2080 980 2151 perfecisset.

285 2153 407 2210 Hac
457 2161 643 2211 mente
693 2157 950 2227 proximo
1001 2157 1089 2211 die
1140 2157 1310 2228 festo,
1364 2176 1490 2212 cum
1532 2179 1564 2212 a
1607 2164 1882 2213 conventu
1917 2160 1950 2214 9

132 2248 193 2287 se
224 2236 504 2287 remotum
530 2231 680 2288 Dion
714 2233 862 2287 domi
902 2238 1117 2289 teneret
1151 2239 1320 2304 atque
1357 2235 1412 2289 in
1448 2236 1695 2289 conclavi
1732 2236 1882 2290 edito

133 2309 503 2380 recubuisset,
563 2310 802 2366 consciis
847 2310 1110 2365 facinoris
1162 2312 1283 2365 loca
1336 2313 1639 2365 munitiora
1691 2312 1880 2397 oppidi

134 2383 339 2456 tradit,
394 2386 623 2441 domum
681 2388 950 2442 custodiis
1011 2389 1221 2459 saepit,
1279 2408 1311 2442 a
1362 2389 1574 2442 foribus
1627 2390 1720 2459 qui
1772 2409 1880 2444 non

134 2458 444 2533 discedant,
496 2469 679 2519 certos
730 2465 1007 2536 praeficit,
1061 2485 1258 2519 navem
1312 2465 1597 2519 triremem
1648 2468 1880 2520 armatis
1920 2482 1943 2521 2

135 2541 300 2592 ornat
354 2507 841 2612 Pliilostratoque‚
900 2542 1061 2596 fratri
1117 2560 1246 2611 su0,
1305 2542 1477 2595 tradit
1535 2562 1766 2613 eamque
1826 2544 1881 2597 in

133 2617 302 2684 portu
343 2615 559 2688 agitare
602 2618 776 2687 iubet,
819 2624 881 2672 ut
923 2619 969 2672 si
1012 2638 1265 2672 exercere
1303 2619 1542 2690 remiges
1578 2620 1761 2688 vellet,
1796 2640 1880 2675 co-

133 2690 340 2764 gitami,
372 2691 418 2745 si
453 2690 598 2749 forte
624 2694 875 2749 consiliis
904 2696 1225 2749 obstitisset
1260 2695 1502 2765 fortuna,
1538 2700 1600 2750 ut
1633 2697 1879 2763 haberet,

134 2784 246 2839 qua
286 2766 580 2840 aufugeret
618 2771 688 2824 ad
737 2771 993 2826 salutem.
1075 2791 1301 2826 suorum
1346 2777 1534 2827 autem
1577 2794 1604 2828 e
1647 2794 1877 2828 numero
1914 2790 1939 2825 3

132 2841 472 2915 Zacynthios
514 2844 895 2903 adulescentes
938 2848 1208 2934 quosdam
1252 2849 1413 2920 eligit
1455 2870 1578 2904 cum
1635 2852 1805 2904 auda
1797 2852 1878 2903 ι»-

131 2921 307 2976 simos
351 2927 470 2975 tum
514 2921 723 2977 viribus
766 2926 1050 2994 maximia,
1093 2925 1271 2994 iisque
1313 2926 1411 2980 dat
1451 2929 1768 3012 negotium
1811 2935 1876 2978 ad

129 2995 372 3054 Dionem
414 3002 547 3053 eant
588 2996 850 3068 inermes,
903 3004 982 3057 sic
1025 3010 1087 3056 ut
1130 3003 1490 3058 conveniendi
1534 3004 1649 3057 eius
1693 3003 1876 3072 gratia
