2019 3310
206 132 275 183 10
671 129 728 174 11.
763 127 1242 173 THEMISTOCLES.
1288 133 1315 173 4
1336 133 1420 174 -6.

204 270 606 323 oppressurum.
678 250 782 304 hoc
822 269 885 304 eo
900 250 1160 319 ‘valebat,
1199 253 1263 303 ut
1301 250 1557 322 ingratiis
1598 251 1667 304 ad
1704 249 1907 322 depug-

144 342 170 380 5
202 328 440 381 nandum
490 343 676 380 omnes
719 328 1055 396 cogerentur.
1132 325 1235 378 1130
1282 343 1340 378 10
1388 325 1576 378 audita
1621 325 1906 394 barbarus,

202 403 340 455 nihil
389 402 498 455 doli
549 401 769 453 subesse
819 399 1064 482 credenS,
1114 399 1380 469 postridie
1422 399 1756 454 alienissimo
1797 368 1906 454 sibi

204 478 348 546 loco,
405 480 595 530 contra
648 468 1114 543 opportunissimo
1170 474 1424 527 hostibus
1481 473 1613 527 adeo
1668 477 1903 546 angusto

205 551 342 604 mari
377 549 636 617 conflixit,
676 552 739 600 ut
772 549 886 602 eius
920 548 1216 602 multitudo
1249 549 1470 602 navium
1504 548 1764 618 explicari
1794 567 1904 602 non

204 626 458 695 potuerit.
537 624 716 676 victus
765 641 894 694 ergo
944 627 1029 676 est
1076 624 1251 694 magis
1292 623 1461 676 etiam
1502 622 1729 682 consilio
1769 622 1906 676 'rhe-

206 700 444 752 mistocli
487 717 648 768 quam
692 699 858 750 armis
902 668 1200 751 Graeciae?

136 777 169 828 ὃ
352 774 456 827 Η10
498 773 601 826 etsi
644 773 784 825 male
825 791 940 825 rem
980 776 1254 844 gesserat,
1294 776 1478 826 tamen
1518 775 1703 826 tantas
1742 771 1907 825 habe-

203 851 299 902 bat
353 849 612 917 reliquias
663 848 966 916 copiarum,
1021 851 1084 900 ut
1135 848 1424 900 etiamtum
1475 847 1544 900 iis
1598 846 1906 916 opprimere

202 928 392 994 posset
438 923 651 975 hostes:
700 923 899 974 iterum
949 922 1016 974 ab
1067 922 1256 975 eodem
1297 922 1469 993 gradu
1509 921 1765 991 depulsus
1806 924 1906 974 est.

202 1017 330 1052 nam
362 997 775 1065 Themistocles,
816 1015 1005 1049 verens
1038 1015 1105 1049 ne
1138 996 1340 1048 bellare
1370 999 1758 1066 perseveraret,
1799 1013 1907 1049 cer·

203 1074 401 1126 tiorem
436 1091 558 1124 eum
600 1071 730 1124 fecit
770 1071 824 1122 id
859 1071 962 1141 agi,
1003 1074 1065 1123 ut
1096 1088 1251 1140 ponS,
1292 1089 1453 1140 quem
1484 1071 1577 1124 ille
1609 1071 1667 1123 in
1698 1069 1907 1123 Helles-

202 1152 371 1217 ponto
422 1146 648 1214 fecerat,
698 1145 1087 1198 dissolveretur
1139 1163 1201 1198 ac
1249 1145 1427 1198 reditu
1475 1145 1533 1198 in
1581 1144 1774 1198 Asiam
1823 1163 1906 1198 ex-

144 1237 169 1275 2
204 1222 527 1289 cluderetur,
560 1221 721 1289 idque
755 1220 803 1272 ei
836 1219 1124 1289 persuasit.
1166 1220 1352 1289 itaque
1379 1238 1486 1289 qua
1511 1238 1603 1273 sex
1629 1219 1904 1273 mensibus

204 1298 308 1349 iter
354 1296 582 1364 fecerat,
632 1295 818 1347 eadem
867 1295 1046 1347 minus
1094 1294 1284 1348 diebus
1333 1295 1565 1366 triginta
1611 1294 1668 1346 in
1715 1294 1906 1347 Asiam

204 1389 451 1424 reversus
495 1374 579 1422 est
621 1388 783 1438 seque
818 1388 849 1422 a
881 1369 1249 1422 Themistocle
1289 1387 1399 1422 non
1441 1372 1774 1439 superatum,
1815 1368 1908 1421 sed

144 1460 169 1499 3
205 1449 585 1499 conservatum
612 1444 886 1496 iudicavit.
937 1444 1014 1497 sic
1041 1444 1201 1497 unius
1228 1444 1330 1496 viri
1362 1444 1654 1513 prudentia
1679 1441 1909 1497 Graecia

203 1522 436 1573 liberata
478 1524 562 1571 est
601 1518 961 1587 Europaeque
1016 1518 1303 1572 succubuit
1342 1518 1490 1572 Asia.
1560 1518 1696 1571 haec
1735 1519 1908 1572 altera

205 1596 459 1663 victoria,
501 1612 636 1662 quae
680 1612 802 1646 cum
842 1592 1191 1646 Marathonio
1232 1592 1411 1662 possit
1452 1593 1757 1662 comparari
1799 1597 1908 1646 tro-

202 1688 354 1739 pae0.
426 1687 552 1722 nam
602 1669 718 1737 pari
770 1668 929 1721 modo
971 1668 1112 1737 apud
1156 1666 1432 1720 Salamina
1471 1685 1639 1737 parvo
1680 1685 1906 1721 numero

202 1745 422 1797 navium
466 1743 702 1796 maxima
742 1746 871 1812 post
910 1743 1194 1796 hominum
1235 1742 1557 1796 memoriam
1598 1742 1789 1796 classis
1823 1746 1908 1795 est

207 1820 434 1872 devicta.

137 1895 169 1947 6
355 1893 586 1964 Magnus
628 1893 732 1946 hoc
771 1893 917 1945 bello
951 1892 1349 1946 Themistocles
1383 1891 1491 1945 fuit
1522 1909 1696 1961 neque
1730 1891 1902 1946 minor

204 1971 259 2022 in
314 1987 460 2037 pace.
540 1987 661 2020 cum
718 1968 862 2020 enim
915 1966 1198 2020 Phalerico
1255 1970 1420 2036 portu
1474 1985 1649 2036 neque
1705 1984 1904 2039 magno

202 2062 375 2112 neque
417 2043 560 2095 bono
596 2042 958 2095 Athenienses
998 2045 1297 2111 uterentur,
1337 2041 1498 2094 huius
1540 2041 1768 2095 consilio
1811 2041 1906 2093 tri·

202 2119 326 2187 plex
376 2117 553 2169 Piraei
611 2121 802 2186 portus
859 2117 1194 2170 constitutus
1250 2120 1336 2169 est
1389 2116 1565 2186 iisque
1620 2114 1905 2169 moenibus

204 2192 593 2260 circumdatus,
641 2196 702 2243 ut
750 2192 925 2261 ipsam
975 2192 1163 2244 urbem
1204 2191 1472 2263 dignitate
1513 2190 1906 2260 aequiperaret,

145 2283 169 2320 2
204 2268 445 2320 utilitate
480 2270 775 2336 superaret.
817 2266 958 2318 idem
993 2285 1177 2319 muros
1210 2265 1628 2319 Atheniensium
1660 2265 1905 2319 restituit

205 2343 495 2411 praecipuo
549 2359 646 2394 suo
695 2341 950 2410 periculo.
1036 2359 1270 2409 namque
1323 2339 1737 2394 Lacedaemonii
1788 2358 1907 2394 cau-

205 2434 321 2469 sam
343 2417 592 2469 idoneam
615 2416 760 2469 nacti
785 2418 1008 2484 propter
1030 2415 1388 2468 barbarorum
1414 2414 1775 2484 excursiones,
1799 2433 1906 2485 qua

205 2496 469 2562 negarent
513 2495 763 2560 oportere
813 2494 966 2542 extra
1016 2488 1447 2558 Peloponnesum
1497 2489 1666 2542 ullam
1713 2490 1904 2544 urbem

207 2584 389 2618 muros
423 2566 638 2634 habere,
669 2584 735 2617 ne
769 2568 952 2618 essent
985 2564 1103 2616 loca
1137 2565 1361 2632 munita,
1394 2581 1531 2632 quae
1563 2563 1751 2618 hostes
1783 2583 1905 2635 pos-

206 2641 458 2707 siderent,
485 2640 846 2693 Athenienses
873 2638 1219 2691 aedificantes
1246 2637 1532 2707 prohibere
1558 2643 1688 2693 sunt
1705 2639 1903 2694 conati.

147 2729 171 2767 8
205 2714 308 2767 hoc
349 2715 508 2784 longe
544 2715 650 2766 alio
686 2714 971 2784 spectabat
1003 2716 1165 2781 atque
1201 2712 1368 2765 videri
1402 2713 1672 2767 volebant.
1735 2713 1903 2768 Athe-

204 2790 418 2842 nienses
470 2789 611 2841 enim
669 2789 876 2842 duabus
929 2788 1196 2856 victoriis,
1251 2785 1599 2842 Marathonia
1651 2791 1709 2843 et
1755 2786 1901 2842 Sala.-

205 2863 388 2931 minis,
429 2867 638 2915 tantam
682 2864 913 2931 gloriam
956 2862 1094 2932 apud
1138 2879 1323 2915 omnes
1364 2867 1555 2933 gentes
1589 2865 1747 2917 erant
1780 2880 1901 2916 con·

204 2938 401 3006 secuti,
456 2942 517 2990 ut
573 2938 955 3007 intellegerent
1007 2934 1420 2990 Lacedaemonii
1471 2936 1536 2991 de
1589 2936 1903 3008 principatu
