2019 3310
113 267 181 321 10

144 730 169 769 2

144 1331 172 1369 4

148 1705 173 1745 ὃ

133 2671 198 2723 11

199 144 271 196 30
691 138 792 184 VH.
826 134 1203 181 ALCIBIADES.
1254 140 1323 181 10.
1357 139 1428 204 ¹.1·

349 264 471 318 Hoc
512 282 635 318 cum
675 261 963 314 moliretur
1001 261 1322 330 peteretque
1364 276 1397 311 a
1433 257 1806 326 PharnabaZO,
1844 260 1908 309 ut

200 342 267 396 ad
306 358 492 411 regem
526 339 857 405 mitteretur,
896 335 1083 388 eodem
1118 338 1365 403 tempore
1398 330 1600 388 Critias
1634 331 1909 400 ceterique

200 416 420 487 tyranni
461 412 883 467 Atheniensium
931 413 1110 464 certos
1157 408 1408 462 homines
1458 408 1525 460 ad
1563 406 1909 477 Lysandrum
1951 431 1954 436 ·

200 493 257 545 in
298 491 489 543 Asiam
530 487 817 556 miserant,
865 486 961 555 qui
1001 503 1124 538 eum
1166 483 1456 537 certiorem
1494 481 1762 552 facerent,
1800 481 1910 534 nisi

200 565 545 620 Alcibiadem
586 561 918 630 sustulisset,
956 560 1095 613 nihil
1130 577 1317 612 earum
1349 576 1531 611 rerum
1562 556 1679 611 fore
1711 559 1910 625 ratum,

204 660 337 711 quas
394 640 511 709 ipse
559 637 796 690 Athenis
845 635 1248 690 constituisset:
1306 651 1493 703 quare,
1550 631 1598 685 si
1649 649 1775 685 suas
1822 649 1909 683 res
2008 687 2012 689 λ

200 720 389 788 'gestas
432 731 650 766 manere
692 712 881 780 vellet,
927 711 1085 762 illum
1124 711 1559 779 persequeretur.
1635 706 1723 759 his
1763 704 1910 758 Laco

202 791 365 844 rebus
408 792 716 843 commotus
759 786 958 840 statuit
998 784 1307 838 accuratius
1342 783 1449 836 sibi
1483 782 1755 855 agendum
1787 799 1912 834 cum

202 865 575 919 Pharnabazo,
633 863 760 916 huic
794 880 925 932 ergo
959 860 1240 914 renuntiat
1273 877 1410 929 quae
1443 858 1562 930 regi
1594 875 1719 911 cum
1750 854 1913 910 Lace·

204 940 503 995 daemoniis
560 937 966 1005 convenissent,
1020 935 1129 988 nisi
1177 934 1521 988 Alcibiadem
1576 933 1762 986 vivum
1817 933 1913 984 aut

204 1020 484 1070 mortuum
533 1014 638 1066 sibi
686 1011 1017 1065 tradidisset.
1094 1028 1206 1063 non
1251 1009 1384 1062 tulit
1421 1009 1527 1062 hoc
1568 1011 1816 1076 satrapes
1858 1009 1913 1059 et

204 1092 409 1145 violare
468 1088 816 1142 clementiam
873 1104 1038 1155 quam
1092 1084 1238 1155 regis
1292 1102 1422 1153 opes
1474 1083 1648 1136 minui
1703 1081 1913 1134 maluit.

204 1168 390 1235 itaque
432 1164 584 1217 misit
626 1161 1010 1216 Susamithren
1049 1163 1104 1213 et
1143 1158 1424 1230 Bagaeum
1465 1158 1532 1211 ad
1571 1156 1915 1211 Alcibiadem

204 1239 665 1307 interficiendum,
717 1256 842 1292 cum
888 1237 981 1289 ille
1031 1238 1177 1288 esset
1215 1235 1274 1287 in
1312 1232 1557 1305 Phrygia
1593 1233 1806 1302 iterque
1848 1231 1915 1284 ad

205 1334 391 1388 regem
433 1316 790 1384 compararet.
855 1311 1010 1364 missi
1043 1311 1185 1364 clam
1223 1308 1512 1379 vicinitati,
1551 1308 1610 1361 in
1650 1325 1758 1377 qua
1796 1310 1916 1360 tum

205 1391 520 1445 Alcibiades
570 1392 712 1458 erat,
767 1388 900 1440 dant
945 1386 1231 1457 negotium
1278 1388 1341 1437 ut
1389 1388 1513 1437 eu'm
1566 1381 1916 1436 interficiant.

206 1467 289 1520 illi
331 1485 455 1520 cum
494 1465 639 1518 ferro
682 1462 909 1534 aggredi
948 1479 1060 1514 non
1093 1461 1368 1529 auderent,
1407 1461 1577 1512 noctu
1608 1458 1762 1530 ligna
1795 1475 1917 1510 con-

207 1542 454 1595 tulerunt
495 1540 638 1593 circa
680 1557 862 1592 casam
904 1555 1046 1606 eam,
1097 1536 1154 1588 in
1202 1553 1311 1604 qua
1359 1534 1699 1604 quiescebat,
1748 1549 1918 1602 eaque

209 1615 616 1684 succenderunt,
656 1619 718 1667 ut
758 1612 1007 1666 incendio
1043 1610 1386 1679 conficerent,
1428 1627 1588 1678 quem
1628 1626 1794 1661 manu
1835 1624 1919 1660 su-

207 1693 386 1762 perari
412 1709 572 1760 posse
599 1689 935 1743 diffidebant.
997 1687 1089 1739 ille
1124 1689 1308 1739 autem
1339 1689 1403 1737 ut
1442 1684 1629 1737 sonitu
1667 1682 1918 1736 flammae

209 1771 294 1820 est
326 1766 612 1836 excitatuS,
653 1765 759 1818 etsi
792 1763 1006 1835 gladius
1040 1762 1089 1814 ei
1123 1765 1241 1814 erat
1274 1759 1590 1829 subductus,
1627 1757 1918 1812 familiaris

211 1843 295 1896 sui
337 1842 587 1895 subalare
628 1840 804 1893 telum
845 1837 1061 1908 eripuit.
1124 1854 1358 1905 namque
1399 1838 1518 1888 erat
1549 1852 1674 1888 cum
1707 1851 1770 1886 eo
1806 1832 1920 1902 qui-

211 1918 336 1970 dam
377 1935 441 1970 ex
482 1915 717 1969 Arcadia
755 1915 980 1984 hospeS,
1034 1912 1126 1982 qui
1173 1929 1476 1981 numquam
1517 1908 1791 1962 discedere
1831 1925 1921 1961 vo-

211 1994 403 2046 luerat.
466 1992 610 2044 hunc
652 1991 807 2059 sequi
849 2008 905 2042 se
945 1989 1100 2041 iubet
1140 1990 1196 2040 et
1235 1987 1291 2040 id
1330 1985 1475 2056 quod
1514 1987 1572 2038 in
1610 1982 1920 2054 praesentia

211 2068 670 2121 vestimentorum
726 2065 832 2118 fuit
889 2063 1100 2133 arripit.
1177 2062 1264 2115 his
1316 2062 1374 2114 in
1425 2061 1610 2132 ignem
1659 2057 1919 2113 coniectis

214 2143 466 2196 flammae
520 2141 630 2194 vim
687 2140 923 2193 transiit.
1003 2156 1164 2207 quem
1219 2140 1282 2190 ut
1336 2136 1557 2190 barbari
1612 2133 1921 2187 incendium

216 2219 471 2289 effugisse
523 2216 799 2283 viderunt,
855 2214 981 2267 telis
1031 2214 1241 2266 eminus
1291 2212 1474 2265 missis
1530 2207 1923 2264 interfecerunt

216 2297 487 2364 caputque
522 2292 637 2345 eius
672 2291 738 2343 ad
772 2290 1189 2342 Pharnabazum
1222 2288 1570 2340 rettulerunt.
1622 2288 1680 2337 at
1712 2283 1923 2351 mulier,

218 2387 353 2438 quae
387 2386 510 2421 cum
545 2385 607 2419 eo
642 2366 819 2419 vivere
854 2367 1158 2432 consuerat,
1198 2361 1452 2416 muliebri
1485 2378 1585 2414 sua
1615 2362 1766 2412 veste
1801 2377 1924 2413 con-

218 2448 424 2496 tectum
467 2442 698 2495 aedificii
739 2440 988 2493 incendio
1031 2442 1309 2492 mortuum
1351 2435 1628 2505 cremavit,
1671 2434 1816 2504 quod
1856 2433 1924 2487 ad
1980 2491 1985 2496 ,

219 2520 400 2571 vivum
434 2516 856 2570 interimendum
889 2518 1006 2567 erat
1039 2516 1432 2582 comparatum.
1498 2511 1575 2564 sic
1609 2509 1923 2563 Alcibiades

221 2612 390 2646 annos
425 2593 642 2646 circiter
672 2591 1034 2661 quadraginta
1065 2592 1227 2641 natus
1261 2587 1402 2640 diem
1430 2586 1569 2639 obiit
1595 2602 1925 2656 supremum.

371 2667 530 2720 Hunc
564 2668 889 2720 infamatum
917 2684 948 2717 a
973 2664 1246 2733 plerisque
1281 2667 1392 2714 tres
1420 2660 1731 2732 gravissimi
1755 2660 1925 2714 histo-

221 2744 319 2797 rici
349 2744 574 2795 summis
617 2742 869 2795 laudibus
896 2740 1229 2792 extulerunt:
1270 2737 1628 2806 ThucydideS,
1670 2735 1764 2805 qui
1788 2735 1925 2788 eius·

222 2819 343 2872 dem
386 2818 581 2870 aetatis
624 2816 753 2885 fuit,
801 2816 1212 2885 TheopompuS,
1258 2817 1385 2882 post
1426 2813 1707 2882 aliquanto
1746 2812 1925 2879 natUS,

223 2898 278 2946 et
317 2892 593 2946 Timaeus:
648 2893 739 2960 qui
790 2891 1007 2961 quidem
1049 2889 1153 2941 duo
1197 2886 1700 2941 maledicentissimi
1739 2884 1923 2938 nescio

163 2984 189 3022 2
224 2987 330 3039 quo
373 2967 532 3021 modo
573 2968 630 3019 in
670 2967 764 3019 illo
806 2984 913 3019 uno
955 2964 1222 3018 laudando
1264 2962 1627 3017 consentiunt.
1693 2977 1925 3030 namque
