2019 3310
176 127 248 180 26
693 122 792 165 Vn.
826 117 1204 164 ALCIBIADES.
1252 124 1294 162 4.
1328 122 1369 162 5.

112 266 138 305 6
172 251 265 319 ibi,
296 253 359 302 ut
384 249 501 317 ipse
526 245 839 316 praedicare
867 245 1172 309 consuerat,
1203 258 1315 294 non
1340 240 1596 293 adversus
1622 239 1880 309 patriam,

174 325 267 379 sed
317 323 568 376 inimicos
623 338 750 373 suos
802 319 1009 371 bellum
1062 315 1256 388 gessit,
1313 315 1406 384 qui
1462 315 1637 367 eidem
1687 315 1878 368 hostes

174 403 357 454 essent
406 396 642 449 civitati:
697 412 826 447 nam
874 412 997 446 cum
1043 391 1428 461 intellegerent
1476 407 1533 442 se
1580 390 1880 460 plurimum

173 475 431 545 prodesse
480 489 641 540 posse
690 470 768 522 rei
817 468 1090 538 publicae,
1148 485 1212 519 ex
1260 483 1323 518 ea
1370 465 1594 517 eiecisse
1647 465 1880 534 plusque

116 566 140 603 7
175 551 287 602 irae
338 565 465 601 suae
515 564 680 615 quam
734 543 967 597 utilitati
1024 540 1299 595 communi
1353 540 1616 609 paruisse.
1692 540 1880 609 itaque

174 626 335 677 huius
370 621 598 676 consilio
626 618 1043 673 Lacedaemonii
1078 636 1201 671 cum
1226 615 1390 668 Perse
1423 632 1550 686 rege
1581 613 1883 668 amicitiam

175 700 442 766 fecerunt,
491 696 614 748 dein
654 694 946 748 Deceleam
993 694 1051 745 in
1090 692 1281 744 Attica
1321 691 1636 743 munierunt
1682 689 1884 759 praesi-

176 775 372 843 dioque
423 772 502 824 ibi
550 774 814 840 perpetuo
863 769 1046 838 posito
1096 767 1154 820 in
1194 766 1478 819 obsidione
1519 764 1768 818 Athenas
1809 767 1886 816 te-

175 852 426 903 nuerunt.
483 846 725 899 eiusdem
766 863 930 914 opera
963 842 1175 896 Ioniam
1209 860 1240 893 a
1271 841 1535 894 societate
1569 841 1886 893 averterunt

177 922 611 978 Atheniensium.
677 938 783 989 quo
825 919 973 972 facto
1015 918 1190 970 multo
1233 916 1539 986 superiores
1580 915 1724 968 bello
1767 932 1886 968 esse

179 1001 490 1070 coeperunt.

116 1076 151 1129 5
329 1073 520 1141 Neque
562 1089 689 1123 vero
737 1070 824 1122 his
877 1069 1041 1121 rebus
1083 1071 1199 1120 tam
1239 1066 1401 1119 amici
1441 1065 1717 1119 Alcibiadi
1758 1068 1888 1118 sunt

179 1150 311 1203 facti
354 1166 518 1217 quam
559 1146 757 1198 timore
799 1144 867 1196 ab
910 1161 972 1196 eo
1016 1142 1254 1195 alienati.
1317 1159 1446 1194 nam
1479 1159 1603 1194 cum
1636 1140 1889 1194 acerrimi

180 1225 282 1277 viri
322 1225 697 1294 praestantem
737 1219 1085 1289 prudentiam
1118 1218 1175 1270 in
1208 1217 1463 1269 omnibus
1495 1216 1659 1268 rebus
1693 1233 1890 1287 cogno-

181 1303 416 1368 scerent,
472 1297 875 1367 pertimuerunt
913 1312 980 1346 ne
1022 1293 1252 1347 caritate
1291 1291 1505 1361 patriae
1552 1290 1747 1344 ductus
1797 1290 1891 1343 ali·

183 1375 397 1445 quando
449 1374 516 1425 ab
567 1371 701 1441 ipsis
750 1369 1076 1423 descisceret
1124 1371 1179 1420 et
1228 1385 1351 1420 cum
1399 1366 1513 1419 suis
1554 1365 1612 1418 in
1652 1365 1892 1437 gratiam

182 1451 397 1503 rediret.
461 1449 648 1516 itaque
688 1449 906 1514 tempus
949 1444 1064 1497 eius
1105 1442 1475 1496 interficiundi
1517 1459 1776 1510 quaerere
1814 1441 1894 1494 in-

121 1541 147 1580 2
183 1527 498 1579 stituerunt.
577 1522 631 1574 id
681 1520 993 1573 Alcibiades
1047 1517 1252 1571 diutius
1302 1517 1467 1570 celari
1521 1534 1632 1569 non
1685 1516 1893 1585 potuit:

184 1604 301 1654 erat
342 1600 487 1652 enim
529 1615 592 1650 ea
633 1597 958 1667 sagacitate,
1006 1597 1069 1646 ut
1109 1592 1285 1662 decipi
1324 1610 1435 1645 non
1482 1594 1694 1661 posset,
1741 1609 1894 1660 prae-

184 1676 375 1729 sertim
417 1692 540 1727 cum
582 1672 826 1724 animum
868 1669 1195 1722 attendisset
1228 1667 1295 1720 ad
1329 1666 1642 1721 cavendum.
1704 1665 1894 1735 itaque

185 1751 251 1804 ad
291 1748 730 1817 Tissaphernem,
771 1745 1111 1815 praefectum
1153 1743 1297 1814 regis
1330 1740 1502 1811 Darii,
1544 1759 1601 1794 se
1643 1741 1894 1795 contulit.

124 1842 150 1882 3
186 1826 338 1880 cuius
382 1843 503 1877 cum
544 1823 602 1875 in
642 1821 897 1874 intimam
932 1819 1233 1873 amicitiam
1265 1818 1607 1887 pervenisset
1639 1819 1695 1869 et
1727 1815 1897 1869 Athe-

185 1900 456 1955 niensium
499 1898 641 1950 male
683 1897 855 1967 gestis
896 1896 953 1948 in
996 1894 1184 1948 Sicilia
1224 1894 1386 1946 rebus
1429 1910 1558 1962 opes
1601 1909 1897 1962 senescere,

187 1979 378 2030 contra
419 1972 976 2026 Lacedaemoniorum
1018 1987 1259 2023 crescere
1299 1968 1531 2037 videret,
1571 1967 1731 2020 initio
1774 1985 1897 2020 cum

187 2050 453 2104 Pisandro
496 2052 765 2117 praetore,
807 2047 900 2115 qui
942 2045 1084 2115 apud
1128 2043 1354 2098 Samum
1394 2042 1695 2096 exercitum
1733 2041 1898 2095 habe-

186 2128 300 2196 bat,
333 2143 429 2194 per
462 2123 831 2176 internuntios
866 2121 1200 2190 colloquitur
1234 2123 1290 2172 et
1321 2118 1385 2172 de
1419 2118 1599 2171 reditu
1631 2134 1730 2170 suo
1763 2116 1899 2170 facit

189 2201 538 2255 mentionem.
598 2205 643 2250 is
676 2200 793 2249 erat
826 2197 971 2248 enim
1005 2195 1194 2249 eodem
1229 2212 1336 2265 quo
1370 2192 1685 2247 Alcibiades
1720 2209 1900 2263 sensu,

189 2276 377 2346 populi
434 2273 713 2344 potentiae
766 2291 874 2324 non
928 2272 1133 2324 amicus
1184 2274 1240 2323 et
1292 2268 1645 2339 optimatium
1699 2265 1900 2321 fautor.

130 2367 157 2405 4
192 2353 258 2404 ab
306 2351 412 2403 hoc
452 2349 751 2402 destitutus
793 2348 1029 2415 primum
1070 2364 1167 2415 per
1206 2343 1629 2413 Thrasybulum,
1669 2340 1800 2412 Lyci
1843 2343 1901 2396 fi-

191 2427 340 2494 lium,
375 2426 442 2477 ab
470 2424 710 2477 exercitu
745 2422 1007 2490 recipitur
1040 2424 1368 2490 praetorque
1400 2419 1466 2471 fit
1490 2418 1632 2487 apud
1661 2416 1902 2488 Samum,

192 2505 320 2571 post
369 2500 703 2571 suffragante
752 2497 1088 2549 Theramene
1144 2495 1332 2564 populi
1390 2494 1530 2547 scito
1587 2493 1903 2547 restituitur

192 2576 419 2646 parique
462 2576 658 2627 absens
701 2572 929 2642 imperio
965 2572 1280 2640 praeficitur
1314 2569 1477 2622 simul
1512 2587 1636 2622 cum
1668 2567 1905 2638 Thrasy·

134 2665 160 2705 5
193 2652 323 2703 bulo
356 2655 412 2702 et
444 2649 797 2701 Theramene.
860 2647 1057 2699 horum
1098 2647 1154 2698 in
1195 2645 1426 2713 imperio
1469 2647 1627 2698 tanta
1667 2662 1905 2698 commu-

194 2726 334 2779 tatio
370 2743 550 2777 rerum
584 2725 731 2776 facta
764 2726 864 2793 est,
895 2725 958 2774 ut
992 2719 1424 2789 Lacedaemonii,
1458 2719 1551 2788 qui
1583 2719 1748 2789 paulo
1778 2721 1904 2771 ante

194 2801 429 2854 victores
483 2800 794 2870 viguerant,
850 2796 1126 2867 perterriti
1185 2813 1374 2864 pacem
1429 2797 1695 2864 peterent.
1771 2792 1907 2847 victi

194 2875 341 2929 enim
382 2878 539 2927 erant
581 2875 818 2942 quinque
853 2872 1076 2942 proeliis
1119 2870 1489 2939 terrestribus,
1529 2869 1708 2923 tribus
1747 2886 1909 2921 nava-

195 2951 364 3020 libus,
415 2949 472 3002 in
521 2949 720 3018 quibus
770 2949 1032 3001 ducentas
1082 2964 1245 2999 naves
1295 2946 1546 2998 triremes
1595 2943 1912 3014 amiserant,
