2019 3310
135 1301 169 1354 OD

144 2427 179 2479 4

148 2889 175 2928 2

189 124 261 178 38
836 121 891 167 x.
923 120 1088 166 Dion.
1138 126 1269 166 2-4.

190 247 446 300 traderet.
506 264 680 314 neque
721 262 849 296 vero
891 244 1070 297 minus
1112 244 1228 313 ipse
1268 242 1432 296 Plato
1473 243 1775 297 delectatus
1816 245 1903 296 est

190 322 384 375 Dione.
442 323 628 389 itaque
663 338 787 372 cum
822 337 853 370 a
886 322 1121 387 tyranno
1150 318 1442 372 crudeliter
1465 319 1706 373 violatus
1740 321 1902 387 esset,

193 398 393 466 quippe
443 396 534 465 qui
590 413 713 447 eum
768 394 1084 446 venumdari
1140 393 1416 463 iussisset,
1470 396 1658 447 tamen
1711 394 1900 447 eodem

192 473 356 525 rediit
398 471 638 524 eiusdem
678 468 873 522 Dionis
922 469 1175 538 precibus
1226 469 1505 521 adductus
1582 468 1806 522 interim
1845 469 1902 521 in

193 547 445 600 morbum
501 545 694 598 incidit
749 543 1065 613 Dionysius
1153 563 1259 613 quo
1316 562 1439 597 cum
1503 544 1725 614 gravius
1780 561 1903 597 con·

192 622 514 689 flictaretur,
556 619 827 689 quaesivit
860 637 889 670 a
925 619 1149 672 medicis
1183 618 1345 689 Dion,
1387 637 1548 688 quem
1582 618 1650 671 ad
1681 618 1904 672 modum

195 715 249 750 se
291 697 535 764 haberet,
578 695 848 763 simulque
891 695 958 747 ab
1001 695 1068 746 iis
1109 694 1287 763 petiit,
1327 694 1374 747 si
1414 693 1558 746 forte
1598 694 1658 746 in
1697 693 1904 746 maiore

194 775 338 825 esset
378 771 644 840 pericu10,
694 773 757 822 ut
806 769 912 821 sibi
952 768 1280 821 faterentur:
1334 787 1463 821 nam
1503 769 1641 822 velle
1683 787 1739 822 se
1781 786 1905 821 cum

195 866 257 900 eo
307 846 545 914 colloqui
603 845 666 897 de
723 844 1008 913 partiendo
1066 861 1258 914 regno,
1315 844 1459 914 quod
1514 844 1719 897 sororis
1777 861 1906 896 suae

192 922 337 975 filios
371 940 436 974 ex
467 921 563 972 illo
590 924 750 972 natos
778 923 991 988 partem
1017 919 1173 990 regni
1208 919 1443 988 putabat
1467 919 1662 972 debere
1687 919 1905 972 habere.

193 997 247 1049 id
289 996 483 1049 medici
524 1014 633 1048 non
674 997 963 1046 tacuerunt
1003 997 1059 1046 et
1100 994 1166 1046 ad
1205 992 1533 1063 Dionysium
1583 994 1758 1047 filium
1802 1012 1907 1046 ser-

196 1090 414 1125 monem
470 1070 817 1122 rettulerunt.
899 1087 1004 1137 quo
1062 1069 1153 1121 ille
1203 1073 1535 1139 commotuS,
1589 1088 1656 1122 ne
1709 1069 1907 1140 agendi

197 1151 342 1200 esset
366 1145 533 1198 Dioni
559 1148 824 1214 potestaS,
850 1144 997 1213 patri
1025 1161 1278 1212 soporem
1305 1144 1544 1197 medicos
1565 1144 1691 1197 dare
1710 1144 1906 1215 coegit.

195 1223 299 1275 hoc
342 1239 504 1292 aeger
546 1223 766 1289 sumpto
810 1219 1024 1288 sopitus
1066 1219 1210 1271 diem
1252 1219 1393 1272 obiit
1433 1237 1764 1288 supremum.

345 1296 476 1349 Tale
525 1296 745 1348 initium
792 1293 897 1347 fuit
938 1293 1133 1347 Dionis
1188 1297 1243 1346 et
1282 1293 1537 1363 Dionysii
1589 1293 1910 1362 simultatiS,

197 1391 365 1442 eaque
408 1371 597 1424 multis
640 1371 801 1423 rebus
844 1373 1005 1422 aucta
1037 1372 1135 1422 est.
1201 1369 1294 1422 sed
1326 1373 1513 1422 tamen
1544 1369 1738 1439 primis
1776 1373 1910 1423 tem-

196 1448 422 1518 poribus
450 1445 786 1515 aliquamdiu
817 1445 1076 1498 simulata
1107 1445 1253 1497 inter
1285 1463 1378 1498 eos
1413 1445 1658 1498 amicitia
1690 1445 1908 1498 mansit.

195 1525 348 1590 sicut,
405 1540 528 1575 cum
568 1520 713 1573 Dion
754 1539 864 1573 non
907 1520 1198 1572 desisteret
1239 1519 1524 1572 obsecrare
1565 1518 1911 1590 Dionysium,

196 1603 260 1652 ut
300 1596 588 1650 Platonem
629 1595 864 1648 Athenis
918 1598 1216 1648 arcesseret
1256 1598 1312 1647 et
1351 1595 1467 1647 eius
1510 1595 1754 1648 consiliis
1795 1598 1910 1648 ute-

198 1677 372 1741 retur,
427 1672 543 1740 ille,
600 1671 694 1740 qui
750 1671 807 1724 in
859 1671 1043 1738 aliqua
1090 1689 1147 1722 re
1197 1670 1363 1722 vellet
1418 1672 1632 1739 patrem
1687 1670 1911 1738 imitari,

200 1766 408 1802 morem
450 1747 498 1800 ei
540 1746 726 1818 gessit.
791 1745 1089 1815 eodemque
1122 1750 1370 1814 tempore
1403 1744 1701 1798 Philistum
1741 1745 1913 1798 histo-

200 1825 374 1877 ricum
418 1820 717 1891 Syracusas
766 1821 1006 1889 reduxit,
1054 1820 1335 1873 hominem
1377 1820 1613 1873 amicum
1652 1839 1763 1873 non
1804 1839 1913 1874 ma·

201 1899 286 1970 gis
329 1903 562 1967 tyranno
606 1915 769 1966 quam
811 1864 1104 1965 tyrannidi.
1185 1895 1277 1948 sed
1317 1895 1382 1948 de
1422 1896 1526 1949 hoc
1566 1896 1623 1948 in
1664 1911 1726 1948 eo
1768 1895 1911 1948 libro

201 1975 359 2044 plura
417 1976 545 2026 sunt
593 1972 865 2041 exposita,
922 1971 1014 2040 qui
1071 1971 1135 2024 de
1186 1971 1467 2024 historicis
1517 1968 1742 2024 Graecis
1791 1989 1914 2024 con-

203 2049 441 2118 scriptus
491 2051 588 2100 est.
669 2046 827 2099 Plato
878 2051 1061 2099 autem
1119 2050 1335 2100 tantum
1393 2046 1536 2116 apud
1583 2045 1911 2130 Dionysium

203 2124 533 2178 auctoritate
592 2122 776 2192 potuit
832 2122 1111 2191 valuitque
1167 2121 1511 2192 eloquentia,
1573 2124 1638 2174 ut
1691 2121 1741 2174 ei
1796 2139 1912 2191 per-

203 2199 441 2253 suaserit
473 2197 780 2268 tyrannidis
826 2198 1003 2250 facere
1036 2197 1201 2250 finem
1234 2197 1659 2266 libertatemque
1691 2195 1911 2249 reddere

205 2274 578 2345 Syracusanis,
611 2292 641 2326 a
669 2291 775 2342 qua
800 2273 1082 2325 voluntate
1110 2272 1332 2325 Philisti
1360 2272 1590 2326 consilio
1616 2271 1911 2325 deterritus

206 2351 487 2419 aliquanto
529 2348 800 2402 crudelior
840 2366 956 2400 esse
999 2348 1193 2417 coepit.

357 2424 459 2487 Qui
504 2424 721 2493 quidem
764 2442 887 2476 cum
923 2442 952 2475 a
986 2421 1163 2476 Dione
1205 2440 1261 2476 se
1303 2423 1548 2492 superari
1589 2421 1797 2475 videret
1836 2422 1914 2475 in·

205 2500 390 2571 geniO,
440 2499 794 2567 auctoritate,
847 2516 1030 2551 amore
1072 2497 1285 2582 populi,
1333 2514 1522 2550 verens
1563 2514 1653 2566 ne,
1701 2497 1747 2550 si
1788 2515 1914 2550 eum

205 2593 389 2628 secum
436 2575 687 2643 haberet,
736 2574 976 2643 aliquam
1026 2573 1366 2626 occasionem
1415 2572 1499 2625 sui
1541 2571 1695 2624 daret
1736 2572 1914 2642 oppri-

207 2649 402 2717 mendi,
443 2667 633 2701 navem
677 2650 723 2701 ci
760 2649 1039 2701 triremem
1073 2648 1236 2716 dedit,
1270 2665 1378 2716 qua
1403 2645 1731 2701 Corinthum
1763 2647 1915 2701 deve·

205 2725 451 2792 heretur,
501 2724 790 2777 ostendens
841 2742 897 2777 se
946 2724 999 2776 id
1041 2723 1328 2791 utriusque
1377 2721 1554 2776 facere
1596 2739 1782 2792 causa,
1832 2740 1912 2791 ne,

208 2818 332 2853 cum
357 2800 501 2852 inter
527 2817 582 2850 se
609 2799 883 2868 timerent,
917 2799 1182 2852 alteruter
1215 2797 1449 2850 alterum
1476 2802 1913 2868 praeoccuparet.

210 2875 261 2927 id
303 2893 426 2928 cum
467 2873 674 2926 factum
718 2875 878 2926 multi
927 2873 1344 2942 indignarentur
1394 2890 1731 2943 magnaeque
1771 2876 1915 2926 esset

209 2949 443 3003 invidiae
494 2953 751 3018 tyranno,
801 2948 1099 3019 Dionysius
1142 2948 1347 3019 omnia,
1400 2966 1538 3018 quae
1579 2946 1784 3002 moveri
1825 2966 1917 3017 po·
