2019 3310
149 126 216 172 IV
363 125 829 173 DISCREPANTIA
861 125 1248 172 SCRIPTURAE
1279 125 1665 172 HALMIANAE.

152 258 187 304 4
230 254 397 305 audiri
515 257 544 304 6
588 252 712 319 quo]
755 253 904 303 modo
1021 270 1082 302 ne
1124 255 1417 316 enuntiaret
1455 271 1547 304 nec
1588 270 1639 305 se
1754 258 1802 323 5,
1842 260 1876 307 4

153 331 225 381 sic
263 331 543 380 Pausanias
586 370 594 378 .
631 371 640 380 .
682 329 975 379 maculavit.
1016 329 1098 378 hic
1140 345 1256 379 cum
1296 371 1305 380 .
1343 371 1352 380 .
1395 330 1592 381 efflavit

309 406 443 456 Cim..
489 408 537 470 2,
579 407 608 454 2
652 404 787 454 idem
826 405 1015 454 iterum
1055 405 1193 468 apud
1328 407 1357 456 5
1402 422 1621 456 sessores
1756 410 1803 473 3,
1845 411 1875 458 3

156 482 452 531 existimans
501 482 756 531 concedere
796 496 944 541 quam
988 483 1143 531 armis
1269 483 1301 530 4
1341 482 1395 530 in
1436 481 1621 545 oppido
1740 485 1795 548 4,
1847 488 1873 532 1

153 557 456 620 imposuerit
580 572 679 620 quo
727 556 897 605 minus
946 556 1055 605 eius
1104 557 1255 606 rebus
1384 559 1413 606 2
1467 554 1728 622 fortunae]
1780 559 1875 608 for-

153 634 288 682 tuito
408 634 438 682 3
483 646 654 682 omnes
695 631 967 682 devocaret
1082 634 1314 683 mortuos

302 708 420 771 Lys.
469 710 523 773 1,
569 711 595 757 1
624 723 691 769 sq.
742 708 875 756 enim
923 724 1040 757 cum
1079 708 1461 772 Peloponnesiis
1511 711 1652 759 sexto
1703 711 1755 758 et
1802 710 1876 758 vi·

152 785 337 833 cesimo
387 799 518 833 anno
566 783 760 833 bellum
809 786 1041 848 gerentes
1091 784 1364 835 confecisse
1407 787 1635 849 apparet.
1682 784 1738 835 id
1779 801 1880 849 qua

151 860 349 910 ratione
399 862 702 909 consecutus
751 859 838 922 sit,
887 859 1016 909 haut
1055 860 1184 909 latet
1304 863 1359 925 2,
1402 863 1431 910 2
1475 860 1767 911 divertisset

155 938 203 1000 3,
248 938 274 985 1
319 936 493 1000 itaque
533 935 587 984 hi
628 935 1016 985 decemviralem
1057 933 1251 999 [illam]
1284 939 1594 1000 potestatem
1710 939 1740 986 2
1776 937 1879 986 Do-

152 1011 339 1061 donam
455 1013 484 1060 5
529 1010 589 1060 de
629 1027 688 1060 eo
730 1011 861 1060 foret
978 1012 1027 1076 4,
1070 1014 1100 1060 2
1145 1027 1263 1061 cum
1302 1013 1512 1078 legisset
1623 1013 1878 1077 magnitu-

151 1086 282 1152 dine,
322 1089 468 1136 tanta

303 1161 411 1212 Alc,
465 1165 518 1227 1,
570 1165 596 1211 1
650 1162 774 1226 quid
820 1164 1009 1212 natura
1128 1165 1157 1212 2
1201 1163 1621 1229 formosissimus,
1671 1164 1735 1214 ad
1775 1181 1878 1214 om-

150 1254 239 1288 nes
370 1238 629 1303 resistere,
670 1237 834 1303 diveS,
878 1254 994 1287 cum
1128 1241 1184 1304 3,
1231 1244 1256 1288 1
1300 1238 1474 1289 Nicias
1608 1242 1664 1305 4,
1707 1243 1736 1289 2
1782 1257 1881 1306 quo

152 1315 339 1364 exisset
466 1316 495 1364 5
539 1314 591 1362 id
632 1314 769 1378 quod
808 1329 908 1364 usu
946 1317 1158 1364 venerat
1275 1317 1304 1364 6
1348 1313 1461 1380 qui]
1503 1315 1640 1380 quod
1757 1318 1805 1382 5,
1848 1319 1879 1367 3

150 1390 473 1440 mentionem.
516 1392 626 1439 erat
768 1391 797 1439 6
841 1388 1142 1454 Thraeciae]
1183 1390 1336 1441 Asiae
1468 1391 1521 1440 in
1560 1391 1638 1441 his
1759 1394 1808 1458 6,
1848 1395 1878 1441 2

153 1470 205 1516 et
239 1465 467 1515 Siciliam
499 1466 738 1515 amissam
840 1467 890 1531 8,
927 1469 954 1515 2
992 1466 1266 1530 spopondit
1368 1468 1398 1516 5
1435 1483 1630 1534 mone0,
1661 1468 1808 1518 iuxta

154 1545 204 1607 9,
239 1544 268 1591 2
306 1538 489 1606 eaque]
526 1542 613 1605 qui
646 1557 705 1591 ea
811 1543 895 1606 10,
931 1544 960 1591 2
997 1539 1377 1606 convenissent]
1411 1545 1582 1593 essent
1696 1546 1726 1593 3
1760 1541 1881 1608 hoc]

151 1618 283 1667 hanc
400 1620 433 1666 4
469 1633 652 1683 oasam,
693 1618 745 1666 in
786 1633 888 1681 qua
928 1618 1237 1684 quiescebat,
1278 1634 1490 1683 eamque
1613 1622 1696 1685 11,
1739 1621 1770 1670 3
1805 1620 1880 1669 in-

153 1694 384 1745 serviunt
668 1740 671 1741 γ

307 1770 481 1820 Thrae.
528 1772 574 1834 1,
616 1771 649 1818 4
703 1769 767 1820 ad
805 1769 938 1820 vires
979 1770 1328 1835 virtutemque
1437 1771 1661 1821 valuisse
1705 1769 1884 1836 [quam

156 1846 299 1896 ducis
339 1843 689 1910 prudentiam]
725 1862 843 1896 vere
963 1848 993 1895 5
1029 1843 1222 1910 verum]
1258 1862 1414 1911 quare
1534 1849 1583 1912 2,
1619 1849 1648 1896 2
1691 1847 1795 1897 illis

151 1923 273 1972 huic
415 1919 629 1986 etenim]
678 1922 806 1971 haec
855 1922 991 1971 enim
1116 1924 1146 1972 3
1191 1919 1404 1986 dicitur]
1448 1922 1546 1972 dici
1683 1925 1712 1973 5
1771 1923 1882 1972 Mu-

151 1998 491 2064 nychiamque
617 1999 647 2047 7
693 1998 997 2048 exadversus
1127 2000 1183 2064 4,
1229 2001 1255 2047 1
1300 1999 1508 2049 honoris
1549 2015 1735 2049 corona

157 2074 407 2140 oleaginis

309 2149 425 2200 Con.
470 2152 526 2215 3,
578 2151 606 2198 2
666 2150 819 2200 velle:
880 2166 1027 2200 nemo
1083 2150 1219 2200 enim
1275 2151 1381 2200 sine
1429 2151 1525 2200 hoc
1574 2150 1882 2201 admittitur.

153 2227 273 2276 huic
409 2228 438 2276 3
482 2223 712 2290 vocant]
761 2226 856 2276 hoc
897 2227 940 2276 si
1057 2228 1090 2275 4
1131 2226 1252 2276 huic
1292 2227 1499 2277 volebat
1616 2228 1665 2292 4,
1707 2228 1738 2276 3
1780 2226 1882 2276 for·

154 2306 274 2368 tem,
314 2302 619 2367 prudentem

305 2380 456 2428 Dion.
517 2381 569 2443 1,
627 2380 655 2426 2
715 2377 938 2427 nobilem
995 2378 1435 2442 propinquitatem
1482 2394 1880 2444 generosamque

156 2455 408 2504 maiorum
455 2454 646 2503 famam
767 2454 820 2503 in
866 2454 946 2503 his
1065 2457 1121 2518 2,
1171 2456 1200 2504 3
1252 2455 1340 2518 qui
1388 2451 1529 2517 eum]
1581 2471 1732 2518 quem
1847 2457 1882 2504 4

156 2531 302 2595 gravi
435 2533 491 2595 3,
542 2533 569 2579 1
621 2530 822 2580 mansit.
873 2546 990 2579 cum
1107 2531 1163 2594 7,
1213 2532 1243 2579 3
1294 2530 1627 2595 frangebatur
1744 2532 1800 2596 8,
1850 2534 1877 2580 1

157 2605 266 2655 adit
377 2609 405 2655 2
435 2605 738 2656 dissidentes
849 2607 879 2656 5
908 2607 1091 2655 conata
1202 2607 1250 2669 9,
1278 2608 1307 2654 2
1336 2605 1524 2670 agitari
1634 2608 1664 2656 3
1692 2603 1881 2671 iisque]
1954 2656 1957 2659 .

156 2682 336 2747 hisque
460 2682 514 2730 111
561 2684 770 2746 propter
895 2683 928 2730 4
970 2681 1048 2730 illi
1087 2683 1149 2731 ut
1187 2681 1343 2730 limen
1382 2682 1492 2731 eius
1531 2682 1786 2732 intrarant

159 2760 188 2807 6
233 2755 427 2823 quoad]
469 2758 605 2822 quod
721 2759 970 2807 fenestras
1092 2759 1176 2822 10,
1222 2760 1247 2805 1
1293 2754 1354 2820 ii]
1397 2757 1451 2806 hi
1680 2801 1684 2803 Δ

306 2834 418 2896 Iplz,
466 2836 512 2898 1,
554 2836 586 2882 4
629 2833 827 2898 pedites
870 2833 1265 2898 appellabantur
1396 2833 1675 2883 loricarum
1706 2835 1758 2882 et
1788 2849 1882 2896 pro

157 2910 307 2960 sertis
348 2911 502 2973 atque
544 2910 683 2959 aenis
803 2912 851 2974 2,
892 2911 925 2958 4
967 2908 1187 2958 Romani
1228 2909 1475 2972 appellati
1516 2912 1637 2959 sunt

311 2984 490 3035 Clzabr.
547 2987 600 3051 1,
652 2988 681 3034 2
726 2985 913 3034 fidente
956 3001 1151 3035 summo
1195 2984 1321 3034 duce
1361 2985 1603 3050 Agesilao
1720 2990 1881 3034 cater-
