2164 3358
629 147 775 193 XXV.
809 145 1089 193 ATTICUS.
1141 150 1210 190 11.
1250 149 1317 189 1‘2.
1748 143 1856 196 107

109 272 430 345 Serviliam,
486 272 651 328 Bruti
709 275 972 342 matrem,
1027 288 1141 325 non
1198 270 1383 324 minus
1439 273 1573 340 post
1622 272 1863 323 mortem

109 351 230 407 eius
279 369 448 423 quam
497 350 792 405 florentem
842 347 1096 404 coluerit.
1177 347 1258 401 sic
1307 346 1648 400 liberalitate
1699 350 1863 400 utens
1897 360 1924 399 ὅ

106 428 292 485 nullas
332 427 660 483 inimicitias
701 426 904 500 gessit,
958 424 1108 496 quod
1154 442 1334 495 neque
1377 423 1636 477 laedebat
1678 441 1865 493 quem·

108 523 279 577 quam
318 523 523 577 neque,
564 504 613 559 si
655 521 824 574 quam
864 501 1132 556 iniuriam
1175 504 1491 572 acceperat,
1543 518 1657 555 non
1698 499 1865 553 male-

107 583 211 638 bat
250 581 511 638 oblivisci
552 599 721 652 quam
761 578 974 634 ulcisci.
1049 578 1198 632 idem
1239 577 1551 632 immortali
1594 576 1866 632 memoria

107 662 377 732 percepta
415 658 699 713 retinebat
738 655 1034 727 beneficia3
1083 674 1225 726 quae
1268 659 1457 710 autem
1498 655 1618 727 ipse
1659 654 1867 708 tribue·

110 740 226 810 rat,
265 740 385 792 tam
426 735 523 791 diu
562 733 921 804 meminerat,
972 732 1157 804 quoad
1198 732 1293 786 ille
1336 735 1534 805 gratus
1577 734 1722 803 erat,
1771 731 1866 802 qui

111 815 419 887 acceperat.
489 812 681 883 itaque
723 810 815 865 hic
869 809 1006 865 fecit
1058 814 1122 864 ut
1161 828 1290 864 vere
1332 809 1544 864 dictum
1586 808 1866 862 videatur:
1901 822 1927 862 6

219 919 320 978 Sui
359 917 559 991 cuique
600 937 785 974 mores
827 915 1056 990 fingunt
1096 917 1386 972 fortunam
1425 917 1767 971 hominibus.

107 1062 290 1117 neque
329 1047 522 1099 tamen
561 1042 657 1097 ille
698 1042 855 1114 prius
896 1040 1185 1095 fortunam
1228 1060 1397 1112 quam
1439 1059 1498 1095 se
1535 1040 1655 1111 ipse
1688 1039 1869 1110 finxit,

110 1122 207 1195 qui
248 1121 400 1177 cavit
439 1139 509 1175 ne
551 1138 661 1192 qua
700 1120 759 1174 in
801 1138 859 1173 re
901 1118 1019 1172 iure
1062 1118 1419 1190 plecteretur.

262 1197 372 1254 His
412 1198 591 1271 igitur
631 1197 799 1252 rebus
842 1194 1027 1250 effecit
1059 1199 1125 1249 ut
1158 1194 1232 1250 M.
1258 1193 1568 1266 Vipsanius
1594 1193 1868 1267 Agrippa,
1893 1194 1959 1248 12

109 1276 315 1332 intima
369 1274 761 1330 familiaritate
823 1273 1154 1329 coniunctus
1222 1271 1567 1326 adulescenti
1626 1269 1870 1342 Caesari,

111 1373 240 1411 cum
302 1356 536 1425 propter
593 1369 751 1406 suam
805 1350 1051 1424 gratiam
1117 1353 1174 1404 et
1231 1348 1487 1405 Caesaris
1553 1348 1869 1420 potentiam

110 1431 323 1488 nullius
375 1429 719 1485 condicionis
771 1446 884 1483 non
932 1427 1168 1481 haberet
1216 1430 1585 1498 potestatem,
1645 1425 1870 1497 potissi·

111 1506 421 1565 mum'eius
454 1506 727 1580 deligeret
767 1504 1104 1559 affinitatem
1146 1507 1619 1575 praeoptaretque
1662 1502 1869 1573 equitis

110 1584 354 1642 Romani
411 1583 588 1639 filiam
644 1600 1046 1656 generosarum
1109 1581 1340 1652 nuptiis.
1438 1583 1606 1652 atque
1669 1579 1870 1634 harum
1904 1592 1930 1631 ἱ)

109 1662 439 1735 nuptiarum
488 1659 822 1717 conciliator
869 1658 979 1713 fuit
1028 1655 1165 1731 (non
1214 1662 1301 1713 est
1351 1658 1499 1712 enim
1553 1655 1868 1729 celandum)

110 1738 187 1796 M.
227 1738 537 1811 AntoniuS,
593 1736 955 1792 triumvirum
1012 1735 1094 1789 rei
1149 1735 1409 1806 publicae
1466 1735 1869 1790 constituendae.

112 1817 271 1874 cuius
304 1815 492 1890 gratia
525 1834 652 1870 cum
688 1832 893 1887 augere
926 1812 1312 1885 possessiones
1346 1815 1542 1883 posset
1571 1830 1717 1883 suaS,
1751 1814 1871 1865 tan-

111 1898 237 1950 tum
276 1892 424 1949 afuit
462 1911 497 1948 a
536 1892 846 1963 cupiditate
888 1890 1181 1963 pecuniae,
1233 1893 1299 1943 ut
1338 1889 1494 1944 nulla
1534 1889 1594 1943 in
1634 1907 1693 1942 re
1734 1907 1868 1942 usus

114 1971 193 2028 sit
232 1989 299 2027 ea
336 1969 449 2026 nisi
488 1969 549 2024 in
588 1968 952 2041 deprecandis
995 1967 1305 2022 amicorum
1340 1970 1440 2020 aut
1471 1966 1739 2037 periculis
1771 1969 1868 2019 aut

112 2047 501 2105 incommodis,
562 2046 712 2119 quod
746 2045 971 2117 quidem
1006 2045 1109 2098 sub
1144 2044 1268 2116 ipsa
1307 2044 1721 2115 proscriptione
1750 2060 1868 2113 per·
1903 2055 1928 2094 3

111 2126 334 2182 illustre
397 2123 523 2179 fuit.
618 2142 751 2178 nam
804 2141 931 2177 cum
981 2120 1042 2176 L.
1094 2119 1284 2176 Saufei
1342 2120 1550 2192 equitis
1612 2119 1868 2189 Romani,

112 2202 365 2276 aequalis
399 2201 502 2273 sui,
544 2201 641 2273 qui
675 2199 990 2272 complures
1025 2217 1200 2254 annos
1236 2197 1422 2253 studio
1457 2198 1657 2252 ductus
1691 2195 1869 2267 philo·

114 2280 346 2354 sophiae
392 2278 696 2335 habitabat
735 2277 976 2332 Athenis
1025 2276 1383 2347 habebatque
1432 2275 1490 2328 in
1532 2272 1701 2327 Italia
1749 2290 1869 2344 pre-

113 2357 292 2413 tiosas
331 2355 733 2430 possessiones,
773 2354 998 2410 tresviri
1039 2354 1188 2408 bona
1229 2351 1609 2407 vendidissent
1643 2368 1868 2404 consue-

114 2433 309 2490 tudine
333 2452 414 2507 ea,
436 2436 559 2506 'qua
591 2436 714 2488 tum
748 2450 835 2487 res
874 2431 1230 2505 gerebantur,
1265 2429 1443 2483 Attici
1471 2428 1662 2481 labore
1698 2431 1867 2497 atque

114 2510 395 2567 industria
432 2510 647 2566 factum
689 2513 778 2565 est
816 2512 882 2564 ut
923 2509 1115 2564 eodem
1157 2507 1356 2562 nuntio
1409 2504 1666 2559 Saufeius
1708 2504 1868 2558 fieret

116 2587 325 2643 certior
362 2606 421 2644 se
460 2587 867 2661 patrimonium
901 2586 1158 2640 amisisse
1193 2589 1250 2638 et
1283 2600 1655 2654 recuperasse.
1720 2581 1868 2635 idem
1902 2596 1927 2633 4

115 2663 178 2720 L.
225 2661 434 2720 Iulium
482 2662 763 2736 Calidum,
827 2682 993 2736 quem
1059 2665 1190 2734 post
1247 2659 1495 2715 Lucretii
1546 2657 1866 2729 Catullique

116 2745 359 2798 mortem
383 2741 565 2797 multo
598 2741 1082 2815 elegantissimum
1115 2742 1344 2812 poctam
1377 2739 1632 2791 nostram
1668 2735 1866 2789 tulisse

0 2835 4 2856 ’
115 2822 364 2874 aetatem
411 2835 539 2873 vere
586 2818 778 2873 videor
826 2836 991 2890 posse
1043 2815 1400 2885 contendere,
1452 2832 1631 2884 neque
1682 2812 1866 2866 minus

0 2894 2 2903 ’
114 2896 298 2951 virum
338 2895 551 2950 bonum
590 2894 931 2967 optimisque
974 2893 1192 2948 artibus
1234 2891 1531 2960 eruditum,
1572 2892 1704 2961 post
1745 2905 1867 2958 pro·

114 2972 482 3045 scriptionem
531 2971 784 3058 equitum
832 2975 1065 3043 propter
1117 2987 1351 3042 magnas
1401 2968 1519 3022 eius
1569 2965 1865 3020 Africanas

0 3064 2 3073 ·
113 3049 501 3122 possessiones
533 3066 593 3103 111
617 3048 1063 3120 proscriptorum
1088 3064 1382 3101 numerum
1410 3064 1441 3098 3
1468 3043 1527 3097 Ρ.
1545 3040 1866 3109 VolumniO,
