2164 3358
344 127 811 176 DISCREPANTIA
846 125 1242 175 SCRIPTURAE
1276 123 1669 172 HALMIANAE.
1844 127 1887 172 V

126 261 222 327 vis,
262 260 519 326 reliquam
639 261 688 326 3,
731 261 763 311 3
807 260 1031 310 alienam
1072 256 1401 322 opulentiam
1441 256 1745 306 intueantur
1785 257 1887 307 for·

127 341 313 389 tunam
432 334 629 404 quoad]
680 353 798 388 cum
918 339 950 386 4
1001 335 1170 386 Lesbo
1292 333 1445 400 Sigeo
1567 335 1625 400 4,
1680 338 1706 384 1
1752 335 1887 398 aspi-

127 415 336 467 ciebant
456 418 486 465 2
530 415 752 482 dirigere

287 493 495 544 Timoth.
548 497 596 560 1,
646 495 676 542 2
724 491 779 541 in
827 506 929 556 quo
980 489 1329 556 oppugnando
1381 489 1637 554 superiori
1748 489 1890 539 mille

129 572 183 622 et
311 573 342 621 3
395 587 543 622 suam
591 570 725 620 ferre
857 569 913 633 2,
971 570 998 618 1
1053 564 1196 632 dein]
1250 567 1388 617 idem
1509 569 1564 633 3,
1616 569 1646 616 2
1701 566 1892 617 dantur

130 648 234 700 duo
341 649 372 700 5
402 645 586 714 [etiam
609 644 874 712 potentiae
899 644 954 695 in
980 645 1174 696 crimen
1198 642 1547 709 vocabantur]
1652 642 1890 710 exactus]

131 728 343 777 coactus
462 726 512 792 4,
558 727 584 774 1
632 739 762 775 avus
803 722 982 774 Conon
1104 725 1134 774 3
1179 722 1380 787 patriae
1423 722 1684 772 sanctiora

284 803 405 854 Dat.
460 804 515 868 1,
574 803 606 852 2
657 802 742 852 hic
799 801 981 851 multis
1031 800 1242 851 milibus
1292 800 1556 866 regionam
1603 800 1892 850 interfectis

131 879 308 946 magni
427 881 485 945 2,
539 882 566 929 1
610 879 918 944 intrassent,
968 878 1234 945 profligati
1356 880 1411 944 3,
1455 880 1485 928 2
1530 874 1631 942 ita]
1675 894 1778 943 qua

134 959 166 1008 3
201 973 355 1023 quem
388 972 508 1007 cum
541 973 718 1008 omnes
751 956 1109 1022 conspicerent
1221 957 1270 1022 4,
1307 957 1338 1006 3
1373 952 1463 1020 iis]
1497 956 1577 1006 his
1687 958 1720 1005 4
1755 952 1892 1020 tum]

131 1050 252 1085 eum
370 1031 550 1101 quem]
593 1051 725 1101 quae
847 1036 895 1100 6,
940 1037 967 1084 1
1015 1033 1268 1099 quasdam
1377 1033 1659 1084 Arsideum
1778 1049 1897 1083 cum

131 1128 323 1179 magna
451 1114 482 1163 3
535 1112 694 1163 ceteri
744 1111 1020 1163 consilium
1068 1112 1434 1178 sequerentur3
1482 1111 1536 1160 in
1584 1111 1778 1177 vulgus

133 1190 165 1240 5
205 1190 539 1256 persequitur
571 1193 800 1240 tantum:
844 1189 934 1255 qui
969 1205 1088 1239 cum
1122 1231 1131 1239 .
1170 1230 1178 1238 .
1214 1192 1536 1254 pervenerat,
1569 1188 1818 1239 Datames

137 1270 186 1334 7,
223 1270 250 1317 1
290 1266 504 1333 Sysinas
592 1268 697 1334 qui,
731 1284 851 1318 cum
883 1267 1182 1334 cogitasset,
1214 1267 1382 1317 facere
1417 1266 1634 1317 auderet
1667 1269 1719 1316 et
1742 1266 1895 1331 ‘prius

136 1344 367 1412 cogitare
418 1361 575 1412 quam
625 1345 803 1396 conari
850 1347 1151 1395 consuesset
1272 1347 1303 1395 3
1347 1344 1533 1410 deligit
1652 1344 1897 1394 dimicare

135 1438 195 1473 eo
234 1422 397 1474 vellet
517 1424 566 1490 8,
610 1425 638 1473 1
685 1422 874 1473 statuit
914 1421 1160 1487 congredi
1282 1423 1312 1473 5
1357 1422 1743 1487 amicitiamque
1778 1422 1895 1472 hor-

136 1502 283 1551 tatus
316 1502 396 1551 est
509 1501 558 1566 9,
592 1501 627 1549 4
661 1500 715 1550 in
748 1516 868 1549 eum
901 1500 1075 1550 locum
1190 1500 1276 1566 10,
1315 1502 1341 1549 1
1382 1500 1425 1550 si
1459 1499 1506 1549 ei
1538 1517 1628 1549 rex
1744 1502 1829 1566 11,
1867 1502 1893 1549 1

134 1577 357 1629 maiores
397 1577 655 1628 exercitus
695 1577 872 1642 parari
993 1580 1023 1628 3
1068 1577 1269 1629 diverse

289 1654 476 1718 Epam.
530 1657 585 1722 1,
640 1659 666 1706 1
720 1654 1042 1721 Polymnidis
1163 1657 1220 1722 3,
1265 1658 1294 1705 2
1341 1655 1479 1721 quod
1519 1654 1785 1705 interdum

137 1733 169 1783 5
203 1732 354 1799 virgo
388 1732 542 1783 amici
573 1732 785 1799 nubiliS,
820 1749 952 1799 quae
985 1735 1199 1798 propter
1318 1733 1592 1783 consilium
1713 1735 1741 1783 6
1782 1749 1901 1783 cum

137 1809 456 1877 confecerat,
503 1810 811 1876 priusquam
852 1811 1110 1876 acciperet
1226 1826 1309 1862 res
1428 1813 1479 1877 4,
1528 1815 1553 1860 1
1599 1810 1899 1861 adulescen-

134 1888 310 1938 tulum
343 1887 572 1954 quinque
601 1888 817 1939 talentis
844 1888 909 1938 ad
935 1905 1084 1939 suam
1109 1888 1355 1952 perduxit
1377 1889 1722 1955 voluntatem,
1748 1905 1902 1954 quem

135 1967 250 2016 tum
266 1965 654 2031 Epaminondas
678 1966 967 2031 plurimum
993 1966 1248 2032 diligebat
1320 1969 1350 2016 2
1372 1966 1714 2017 Diomedonte
1779 1983 1902 2032 prae

136 2043 338 2109 patriae
379 2043 597 2095 caritate
702 2046 737 2094 4
779 2044 944 2094 exiret
1051 2046 1080 2094 6
1125 2060 1348 2109 quorum
1389 2044 1671 2109 separatim
1777 2046 1825 2110 5,
1870 2046 1899 2094 3

73 2149 81 2155 -
136 2118 250 2186 eos]
279 2121 375 2172 hos
458 2123 507 2188 6,
533 2123 564 2172 2
592 2120 965 2172 Alcmaeonem
1035 2137 1333 2186 procreasse
1418 2124 1466 2188 7,
1497 2125 1522 2171 1
1555 2123 1704 2172 cuius
1731 2138 1901 2172 errore
2002 2144 2005 2147 ·

136 2215 196 2249 eo
255 2200 393 2250 esset
441 2198 667 2250 deducta
716 2199 811 2249 illa
858 2198 1145 2250 multitudo
1196 2199 1450 2266 militum,
1507 2202 1568 2249 ut
1701 2201 1730 2249 5
1784 2215 1901 2249 con-

136 2276 272 2327 ferre
394 2278 451 2343 9,
502 2279 528 2326 1
583 2277 824 2328 hostibus
945 2276 1099 2327 caede
1149 2277 1434 2343 multisque
1560 2280 1650 2343 10,
1705 2280 1731 2326 1
1787 2293 1904 2326 cum

137 2353 625 2421 reprehenderetur,
681 2354 820 2420 quod
877 2354 1068 2405 liberos
1126 2372 1228 2404 non
1276 2355 1618 2421 relinqueret,
1677 2371 1707 2404 a
1754 2354 1902 2405 Pelo-

139 2430 262 2494 pida
300 2472 312 2482 .
348 2473 359 2483 .
402 2431 613 2499 diceret,
654 2426 812 2483 ‘vide'
936 2434 967 2483 3
1011 2432 1175 2482 malos
1218 2432 1491 2482 defendere

293 2508 457 2574 Pelop.
512 2512 567 2576 1,
623 2512 651 2560 1
698 2506 803 2574 sin]
847 2509 890 2560 si
1027 2511 1058 2561 3
1103 2510 1351 2561 adversus
1393 2510 1632 2560 resistere
1771 2513 1828 2576 2,
1871 2513 1903 2559 4

141 2580 204 2648 ii]
251 2583 308 2635 hi
425 2588 457 2637 5
508 2602 629 2637 cum
669 2586 892 2637 Athenis
939 2586 1171 2638 interdiu
1220 2588 1446 2638 exissent
1566 2589 1622 2653 3,
1671 2589 1700 2637 2
1747 2588 1906 2637 etiam

142 2660 282 2726 quod
399 2663 464 2714 ab
503 2663 734 2715 Archino
775 2664 868 2715 uni
909 2680 971 2714 ex
1010 2665 1108 2731 his,
1149 2665 1373 2715 Archiae
1494 2667 1545 2731 4,
1590 2667 1619 2715 3
1660 2665 1906 2729 periculis

142 2737 315 2788 adfuit
433 2741 483 2806 5,
527 2744 554 2790 1
599 2739 785 2806 etiam]
829 2757 946 2792 cum

296 2812 445 2880 Ayes.
499 2819 554 2883 1,
603 2820 634 2867 2
687 2833 719 2870 a
758 2819 1044 2870 maioribus
1085 2818 1510 2870 Lacedaemoniis
1551 2819 1805 2886 traditus,
1848 2823 1908 2869 ut

142 2891 273 2944 duos
386 2894 417 2944 3
460 2895 685 2960 utraque
717 2911 872 2947 suum
983 2897 1189 2948 virilem
1223 2913 1403 2948 sexum
1517 2899 1567 2965 2,
1605 2901 1632 2948 1
1670 2901 1732 2948 ut
1765 2914 1905 2947 exer-

141 2971 278 3022 citus
327 2970 628 3021 emitterent
747 2974 778 3022 5
830 2974 1098 3024 conciliari
1219 2975 1276 3041 5,
1327 2977 1358 3026 3
1412 2975 1544 3025 dixit
1665 2977 1723 3040 6,
1771 2978 1795 3023 1
1843 2974 1906 3023 ad

140 3048 436 3100 exeundum
469 3050 810 3116 premeretur,
842 3053 905 3101 ut
931 3091 972 3101 ..
1001 3052 1276 3120 divinaret,
1310 3053 1449 3103 exire
1484 3052 1666 3102 noluit.
1693 3050 1829 3101 idem
