<?xml version="1.0" encoding="UTF-8"?>
<!DOCTYPE html PUBLIC "-//W3C//DTD XHTML 1.0 Transitional//EN"
    "http://www.w3.org/TR/xhtml1/DTD/xhtml1-transitional.dtd">
<html xmlns="http://www.w3.org/1999/xhtml" xml:lang="en" lang="en">
 <head>
  <title>
</title>
<meta http-equiv="Content-Type" content="text/html;charset=utf-8" />
  <meta name='ocr-system' content='tesseract 3.04.00' />
  <meta name='ocr-capabilities' content='ocr_page ocr_carea ocr_par ocr_line ocrx_word'/>
</head>
<body>
  <div class='ocr_page' id='page_1' title='image "./vitaenep00nepouoft_0124.png"; bbox 0 0 2019 3310; ppageno 0'>
   <div class='ocr_carea' id='block_1_1' title="bbox 195 79 1401 153">
    <p class='ocr_par' dir='ltr' id='par_1_1' title="bbox 195 79 1401 153">
     <span class='ocr_line' id='line_1_1' title="bbox 195 79 1401 153; baseline -0.007 -19"><span class='ocrx_word' id='word_1_1' title='bbox 195 82 301 134; x_wconf 79' lang='lat'><strong>112</strong></span> <span class='ocrx_word' id='word_1_2' title='bbox 708 79 858 153; x_wconf 68' lang='lat' dir='ltr'><strong>XXV.</strong></span> <span class='ocrx_word' id='word_1_3' title='bbox 892 79 1172 125; x_wconf 82' lang='lat' dir='ltr'><strong>ATTICUS.</strong></span> <span class='ocrx_word' id='word_1_4' title='bbox 1223 85 1293 126; x_wconf 82' lang='lat'><strong>20.</strong></span> <span class='ocrx_word' id='word_1_5' title='bbox 1330 84 1401 126; x_wconf 80' lang='lat'><strong>21.</strong></span> 
     </span>
    </p>
   </div>
   <div class='ocr_carea' id='block_1_2' title="bbox 109 203 1924 3002">
    <p class='ocr_par' dir='ltr' id='par_1_2' title="bbox 194 203 1919 354">
     <span class='ocr_line' id='line_1_2' title="bbox 194 203 1919 276; baseline -0.002 -17"><span class='ocrx_word' id='word_1_6' title='bbox 194 206 326 276; x_wconf 91' lang='lat' dir='ltr'><strong>quin</strong></span> <span class='ocrx_word' id='word_1_7' title='bbox 365 204 556 259; x_wconf 87' lang='lat' dir='ltr'><strong>Attico</strong></span> <span class='ocrx_word' id='word_1_8' title='bbox 600 203 887 273; x_wconf 89' lang='lat' dir='ltr'><strong>scriberet,</strong></span> <span class='ocrx_word' id='word_1_9' title='bbox 938 203 1067 273; x_wconf 91' lang='lat' dir='ltr'><strong>quid</strong></span> <span class='ocrx_word' id='word_1_10' title='bbox 1118 206 1330 274; x_wconf 89' lang='lat' dir='ltr'><strong>ageret,</strong></span> <span class='ocrx_word' id='word_1_11' title='bbox 1378 203 1632 274; x_wconf 87' lang='lat' dir='ltr'><strong>inprimis</strong></span> <span class='ocrx_word' id='word_1_12' title='bbox 1675 204 1808 274; x_wconf 91' lang='lat' dir='ltr'><strong>quid</strong></span> <span class='ocrx_word' id='word_1_13' title='bbox 1846 204 1919 257; x_wconf 92' lang='lat' dir='ltr'><strong>le-</strong></span> 
     </span>
     <span class='ocr_line' id='line_1_3' title="bbox 194 278 1919 354; baseline -0.001 -19"><span class='ocrx_word' id='word_1_14' title='bbox 194 284 350 354; x_wconf 91' lang='lat' dir='ltr'><strong>geret</strong></span> <span class='ocrx_word' id='word_1_15' title='bbox 392 280 701 350; x_wconf 81' lang='lat' dir='ltr'><strong>quibusque</strong></span> <span class='ocrx_word' id='word_1_16' title='bbox 742 278 800 331; x_wconf 90' lang='lat' dir='ltr'><strong>in</strong></span> <span class='ocrx_word' id='word_1_17' title='bbox 838 278 975 332; x_wconf 89' lang='lat' dir='ltr'><strong>locis</strong></span> <span class='ocrx_word' id='word_1_18' title='bbox 1018 282 1074 332; x_wconf 92' lang='lat' dir='ltr'><strong>et</strong></span> <span class='ocrx_word' id='word_1_19' title='bbox 1108 279 1372 349; x_wconf 84' lang='lat' dir='ltr'><strong>quamdiu</strong></span> <span class='ocrx_word' id='word_1_20' title='bbox 1404 282 1552 333; x_wconf 87' lang='lat' dir='ltr'><strong>esset</strong></span> <span class='ocrx_word' id='word_1_21' title='bbox 1584 283 1919 350; x_wconf 84' lang='lat' dir='ltr'><strong>moraturuS,</strong></span> 
     </span>
    </p>

    <p class='ocr_par' dir='ltr' id='par_1_3' title="bbox 134 353 1921 804">
     <span class='ocr_line' id='line_1_4' title="bbox 134 353 1917 425; baseline -0.002 -14"><span class='ocrx_word' id='word_1_22' title='bbox 134 371 158 411; x_wconf 80' lang='lat'>2</span> <span class='ocrx_word' id='word_1_23' title='bbox 195 357 290 411; x_wconf 87' lang='lat' dir='ltr'><strong>sed</strong></span> <span class='ocrx_word' id='word_1_24' title='bbox 332 356 518 425; x_wconf 88' lang='lat' dir='ltr'><strong>etiam,</strong></span> <span class='ocrx_word' id='word_1_25' title='bbox 559 372 683 408; x_wconf 92' lang='lat' dir='ltr'><strong>cum</strong></span> <span class='ocrx_word' id='word_1_26' title='bbox 724 357 872 407; x_wconf 90' lang='lat' dir='ltr'><strong>esset</strong></span> <span class='ocrx_word' id='word_1_27' title='bbox 902 353 962 407; x_wconf 95' lang='lat' dir='ltr'><strong>in</strong></span> <span class='ocrx_word' id='word_1_28' title='bbox 993 354 1128 408; x_wconf 90' lang='lat' dir='ltr'><strong>urbe</strong></span> <span class='ocrx_word' id='word_1_29' title='bbox 1162 358 1218 408; x_wconf 93' lang='lat' dir='ltr'><strong>et</strong></span> <span class='ocrx_word' id='word_1_30' title='bbox 1248 357 1478 425; x_wconf 90' lang='lat' dir='ltr'><strong>propter</strong></span> <span class='ocrx_word' id='word_1_31' title='bbox 1508 354 1755 408; x_wconf 83' lang='lat' dir='ltr'><strong>infinitas</strong></span> <span class='ocrx_word' id='word_1_32' title='bbox 1790 372 1917 409; x_wconf 89' lang='lat' dir='ltr'><strong>suas</strong></span> 
     </span>
     <span class='ocr_line' id='line_1_5' title="bbox 196 428 1920 502; baseline -0.002 -16"><span class='ocrx_word' id='word_1_33' title='bbox 196 431 581 502; x_wconf 71' lang='lat' dir='ltr'><strong>occupationes</strong></span> <span class='ocrx_word' id='word_1_34' title='bbox 624 429 805 482; x_wconf 92' lang='lat' dir='ltr'><strong>minus</strong></span> <span class='ocrx_word' id='word_1_35' title='bbox 848 448 1024 500; x_wconf 82' lang='lat' dir='ltr'>saepe,</span> <span class='ocrx_word' id='word_1_36' title='bbox 1067 447 1231 500; x_wconf 90' lang='lat' dir='ltr'><strong>quam</strong></span> <span class='ocrx_word' id='word_1_37' title='bbox 1264 429 1446 500; x_wconf 92' lang='lat' dir='ltr'><strong>vellet,</strong></span> <span class='ocrx_word' id='word_1_38' title='bbox 1482 428 1675 484; x_wconf 89' lang='lat' dir='ltr'><strong>Attico</strong></span> <span class='ocrx_word' id='word_1_39' title='bbox 1715 429 1920 484; x_wconf 89' lang='lat' dir='ltr'><strong>fruere-</strong></span> 
     </span>
     <span class='ocr_line' id='line_1_6' title="bbox 194 505 1920 576; baseline -0.001 -15"><span class='ocrx_word' id='word_1_40' title='bbox 194 513 307 576; x_wconf 91' lang='lat' dir='ltr'><strong>tur,</strong></span> <span class='ocrx_word' id='word_1_41' title='bbox 354 506 538 560; x_wconf 90' lang='lat' dir='ltr'><strong>nullus</strong></span> <span class='ocrx_word' id='word_1_42' title='bbox 581 505 696 558; x_wconf 89' lang='lat' dir='ltr'><strong>dies</strong></span> <span class='ocrx_word' id='word_1_43' title='bbox 738 508 944 559; x_wconf 89' lang='lat' dir='ltr'><strong>temere</strong></span> <span class='ocrx_word' id='word_1_44' title='bbox 993 505 1331 576; x_wconf 75' lang='lat' dir='ltr'><strong>intercessit,</strong></span> <span class='ocrx_word' id='word_1_45' title='bbox 1382 523 1490 575; x_wconf 91' lang='lat' dir='ltr'><strong>quo</strong></span> <span class='ocrx_word' id='word_1_46' title='bbox 1529 523 1644 559; x_wconf 93' lang='lat' dir='ltr'><strong>non</strong></span> <span class='ocrx_word' id='word_1_47' title='bbox 1684 505 1754 559; x_wconf 88' lang='lat' dir='ltr'><strong>ad</strong></span> <span class='ocrx_word' id='word_1_48' title='bbox 1794 524 1920 559; x_wconf 88' lang='lat' dir='ltr'><strong>eum</strong></span> 
     </span>
     <span class='ocr_line' id='line_1_7' title="bbox 195 580 1920 652; baseline -0.002 -16"><span class='ocrx_word' id='word_1_49' title='bbox 195 583 475 652; x_wconf 82' lang='lat' dir='ltr'><strong>scriberet,</strong></span> <span class='ocrx_word' id='word_1_50' title='bbox 519 599 642 634; x_wconf 91' lang='lat' dir='ltr'><strong>cum</strong></span> <span class='ocrx_word' id='word_1_51' title='bbox 683 580 847 634; x_wconf 93' lang='lat' dir='ltr'><strong>modo</strong></span> <span class='ocrx_word' id='word_1_52' title='bbox 890 580 1099 650; x_wconf 90' lang='lat' dir='ltr'><strong>aliquid</strong></span> <span class='ocrx_word' id='word_1_53' title='bbox 1140 582 1205 635; x_wconf 91' lang='lat' dir='ltr'><strong>de</strong></span> <span class='ocrx_word' id='word_1_54' title='bbox 1248 580 1582 651; x_wconf 85' lang='lat' dir='ltr'><strong>antiquitate</strong></span> <span class='ocrx_word' id='word_1_55' title='bbox 1623 581 1692 634; x_wconf 91' lang='lat' dir='ltr'><strong>ab</strong></span> <span class='ocrx_word' id='word_1_56' title='bbox 1736 598 1799 635; x_wconf 92' lang='lat' dir='ltr'><strong>eo</strong></span> <span class='ocrx_word' id='word_1_57' title='bbox 1840 599 1920 633; x_wconf 94' lang='lat' dir='ltr'><strong>re-</strong></span> 
     </span>
     <span class='ocr_line' id='line_1_8' title="bbox 196 656 1919 728; baseline -0.001 -17"><span class='ocrx_word' id='word_1_58' title='bbox 196 659 454 728; x_wconf 89' lang='lat' dir='ltr'><strong>quireret,</strong></span> <span class='ocrx_word' id='word_1_59' title='bbox 495 657 658 710; x_wconf 90' lang='lat' dir='ltr'><strong>modo</strong></span> <span class='ocrx_word' id='word_1_60' title='bbox 701 656 946 726; x_wconf 86' lang='lat' dir='ltr'><strong>aliquam</strong></span> <span class='ocrx_word' id='word_1_61' title='bbox 988 657 1371 726; x_wconf 89' lang='lat' dir='ltr'><strong>quaestionem</strong></span> <span class='ocrx_word' id='word_1_62' title='bbox 1403 657 1681 727; x_wconf 72' lang='lat' dir='ltr'><strong>poeticam</strong></span> <span class='ocrx_word' id='word_1_63' title='bbox 1713 656 1765 710; x_wconf 90' lang='lat' dir='ltr'><strong>ei</strong></span> <span class='ocrx_word' id='word_1_64' title='bbox 1797 674 1919 726; x_wconf 78' lang='lat' dir='ltr'><strong>pro-</strong></span> 
     </span>
     <span class='ocr_line' id='line_1_9' title="bbox 192 731 1921 804; baseline -0.002 -16"><span class='ocrx_word' id='word_1_65' title='bbox 192 737 454 804; x_wconf 87' lang='lat' dir='ltr'><strong>poneret,</strong></span> <span class='ocrx_word' id='word_1_66' title='bbox 516 732 795 786; x_wconf 88' lang='lat' dir='ltr'><strong>interdum</strong></span> <span class='ocrx_word' id='word_1_67' title='bbox 858 733 1045 786; x_wconf 88' lang='lat' dir='ltr'><strong>iocans</strong></span> <span class='ocrx_word' id='word_1_68' title='bbox 1112 733 1227 786; x_wconf 88' lang='lat' dir='ltr'><strong>eius</strong></span> <span class='ocrx_word' id='word_1_69' title='bbox 1285 732 1632 787; x_wconf 88' lang='lat' dir='ltr'><strong>verbosiores</strong></span> <span class='ocrx_word' id='word_1_70' title='bbox 1697 731 1921 785; x_wconf 88' lang='lat' dir='ltr'><strong>eliceret</strong></span> 
     </span>
    </p>

    <p class='ocr_par' dir='ltr' id='par_1_4' title="bbox 134 806 1921 1029">
     <span class='ocr_line' id='line_1_10' title="bbox 134 806 1921 880; baseline -0.002 -16"><span class='ocrx_word' id='word_1_71' title='bbox 134 824 160 864; x_wconf 89' lang='lat'><strong>3</strong></span> <span class='ocrx_word' id='word_1_72' title='bbox 196 810 479 880; x_wconf 70' lang='lat' dir='ltr'><strong>epistulas</strong></span> <span class='ocrx_word' id='word_1_73' title='bbox 545 827 610 861; x_wconf 84' lang='lat' dir='ltr'><strong>ex</strong></span> <span class='ocrx_word' id='word_1_74' title='bbox 652 826 758 877; x_wconf 91' lang='lat' dir='ltr'><strong>quo</strong></span> <span class='ocrx_word' id='word_1_75' title='bbox 802 808 1018 878; x_wconf 88' lang='lat' dir='ltr'><strong>accidit,</strong></span> <span class='ocrx_word' id='word_1_76' title='bbox 1060 825 1183 861; x_wconf 92' lang='lat' dir='ltr'><strong>cum</strong></span> <span class='ocrx_word' id='word_1_77' title='bbox 1225 808 1373 862; x_wconf 87' lang='lat' dir='ltr'><strong>aedis</strong></span> <span class='ocrx_word' id='word_1_78' title='bbox 1407 807 1556 862; x_wconf 90' lang='lat' dir='ltr'><strong>Iovis</strong></span> <span class='ocrx_word' id='word_1_79' title='bbox 1590 806 1830 861; x_wconf 89' lang='lat' dir='ltr'><strong>Feretrii</strong></span> <span class='ocrx_word' id='word_1_80' title='bbox 1861 807 1921 860; x_wconf 91' lang='lat' dir='ltr'><strong>in</strong></span> 
     </span>
     <span class='ocr_line' id='line_1_11' title="bbox 196 882 1921 956; baseline -0.002 -16"><span class='ocrx_word' id='word_1_81' title='bbox 196 885 473 956; x_wconf 84' lang='lat' dir='ltr'><strong>Capitolio</strong></span> <span class='ocrx_word' id='word_1_82' title='bbox 484 928 497 954; x_wconf 94' lang='lat'><strong>,</strong></span> <span class='ocrx_word' id='word_1_83' title='bbox 546 885 614 937; x_wconf 92' lang='lat' dir='ltr'><strong>ab</strong></span> <span class='ocrx_word' id='word_1_84' title='bbox 656 883 895 937; x_wconf 84' lang='lat' dir='ltr'><strong>Romulo</strong></span> <span class='ocrx_word' id='word_1_85' title='bbox 938 883 1266 953; x_wconf 89' lang='lat' dir='ltr'><strong>constituta,</strong></span> <span class='ocrx_word' id='word_1_86' title='bbox 1315 886 1595 937; x_wconf 89' lang='lat' dir='ltr'><strong>vetustate</strong></span> <span class='ocrx_word' id='word_1_87' title='bbox 1636 886 1802 953; x_wconf 91' lang='lat' dir='ltr'><strong>atque</strong></span> <span class='ocrx_word' id='word_1_88' title='bbox 1843 882 1921 936; x_wconf 92' lang='lat' dir='ltr'><strong>in-</strong></span> 
     </span>
     <span class='ocr_line' id='line_1_12' title="bbox 198 956 1920 1029; baseline -0.002 -14"><span class='ocrx_word' id='word_1_89' title='bbox 198 962 349 1016; x_wconf 92' lang='lat' dir='ltr'><strong>curia</strong></span> <span class='ocrx_word' id='word_1_90' title='bbox 390 962 605 1014; x_wconf 88' lang='lat' dir='ltr'><strong>detecta</strong></span> <span class='ocrx_word' id='word_1_91' title='bbox 645 959 1047 1029; x_wconf 86' lang='lat' dir='ltr'><strong>prolaberetur,</strong></span> <span class='ocrx_word' id='word_1_92' title='bbox 1088 961 1152 1011; x_wconf 92' lang='lat' dir='ltr'><strong>ut</strong></span> <span class='ocrx_word' id='word_1_93' title='bbox 1184 958 1363 1012; x_wconf 88' lang='lat' dir='ltr'><strong>Attici</strong></span> <span class='ocrx_word' id='word_1_94' title='bbox 1396 959 1684 1013; x_wconf 87' lang='lat' dir='ltr'><strong>admonitu</strong></span> <span class='ocrx_word' id='word_1_95' title='bbox 1717 956 1920 1013; x_wconf 82' lang='lat' dir='ltr'><strong>Caesar</strong></span> 
     </span>
    </p>

    <p class='ocr_par' dir='ltr' id='par_1_5' title="bbox 134 1033 1921 1257">
     <span class='ocr_line' id='line_1_13' title="bbox 134 1033 1918 1104; baseline -0.003 -11"><span class='ocrx_word' id='word_1_96' title='bbox 134 1055 162 1095; x_wconf 86' lang='lat'>4</span> <span class='ocrx_word' id='word_1_97' title='bbox 196 1056 317 1091; x_wconf 91' lang='lat' dir='ltr'><strong>eam</strong></span> <span class='ocrx_word' id='word_1_98' title='bbox 365 1035 717 1090; x_wconf 88' lang='lat' dir='ltr'><strong>reficiendam</strong></span> <span class='ocrx_word' id='word_1_99' title='bbox 767 1037 997 1088; x_wconf 86' lang='lat' dir='ltr'><strong>curaret.</strong></span> <span class='ocrx_word' id='word_1_100' title='bbox 1075 1052 1251 1104; x_wconf 89' lang='lat' dir='ltr'><strong>neque</strong></span> <span class='ocrx_word' id='word_1_101' title='bbox 1300 1052 1429 1088; x_wconf 90' lang='lat' dir='ltr'><strong>vero</strong></span> <span class='ocrx_word' id='word_1_102' title='bbox 1479 1053 1511 1088; x_wconf 86' lang='lat' dir='ltr'><strong>a</strong></span> <span class='ocrx_word' id='word_1_103' title='bbox 1559 1033 1632 1087; x_wconf 90' lang='lat' dir='ltr'><strong>M.</strong></span> <span class='ocrx_word' id='word_1_104' title='bbox 1673 1033 1918 1088; x_wconf 88' lang='lat' dir='ltr'><strong>Antonio</strong></span> 
     </span>
     <span class='ocr_line' id='line_1_14' title="bbox 196 1108 1920 1181; baseline -0.003 -14"><span class='ocrx_word' id='word_1_105' title='bbox 196 1113 377 1167; x_wconf 91' lang='lat' dir='ltr'><strong>minus</strong></span> <span class='ocrx_word' id='word_1_106' title='bbox 420 1113 618 1165; x_wconf 87' lang='lat' dir='ltr'><strong>absens</strong></span> <span class='ocrx_word' id='word_1_107' title='bbox 666 1110 870 1163; x_wconf 90' lang='lat' dir='ltr'><strong>litteris</strong></span> <span class='ocrx_word' id='word_1_108' title='bbox 913 1110 1213 1181; x_wconf 91' lang='lat' dir='ltr'><strong>colebatur,</strong></span> <span class='ocrx_word' id='word_1_109' title='bbox 1255 1110 1388 1164; x_wconf 91' lang='lat' dir='ltr'><strong>adeo</strong></span> <span class='ocrx_word' id='word_1_110' title='bbox 1429 1112 1494 1163; x_wconf 94' lang='lat' dir='ltr'><strong>ut</strong></span> <span class='ocrx_word' id='word_1_111' title='bbox 1534 1112 1788 1163; x_wconf 87' lang='lat' dir='ltr'><strong>accurate</strong></span> <span class='ocrx_word' id='word_1_112' title='bbox 1827 1108 1920 1162; x_wconf 91' lang='lat' dir='ltr'><strong>ille</strong></span> 
     </span>
     <span class='ocr_line' id='line_1_15' title="bbox 197 1184 1921 1257; baseline -0.003 -15"><span class='ocrx_word' id='word_1_113' title='bbox 197 1208 261 1242; x_wconf 85' lang='lat' dir='ltr'><strong>ex</strong></span> <span class='ocrx_word' id='word_1_114' title='bbox 300 1188 514 1242; x_wconf 91' lang='lat' dir='ltr'><strong>ultimis</strong></span> <span class='ocrx_word' id='word_1_115' title='bbox 556 1186 737 1256; x_wconf 82' lang='lat' dir='ltr'><strong>terriS,</strong></span> <span class='ocrx_word' id='word_1_116' title='bbox 780 1186 911 1256; x_wconf 91' lang='lat' dir='ltr'><strong>quid</strong></span> <span class='ocrx_word' id='word_1_117' title='bbox 952 1189 1156 1257; x_wconf 87' lang='lat' dir='ltr'><strong>ageret,</strong></span> <span class='ocrx_word' id='word_1_118' title='bbox 1197 1203 1359 1240; x_wconf 88' lang='lat' dir='ltr'><strong>curae</strong></span> <span class='ocrx_word' id='word_1_119' title='bbox 1400 1185 1509 1240; x_wconf 85' lang='lat' dir='ltr'><strong>sibi</strong></span> <span class='ocrx_word' id='word_1_120' title='bbox 1547 1184 1780 1238; x_wconf 88' lang='lat' dir='ltr'><strong>haberet</strong></span> <span class='ocrx_word' id='word_1_121' title='bbox 1813 1202 1921 1238; x_wconf 90' lang='lat' dir='ltr'><strong>cer-</strong></span> 
     </span>
    </p>

    <p class='ocr_par' dir='ltr' id='par_1_6' title="bbox 137 1259 1923 1864">
     <span class='ocr_line' id='line_1_16' title="bbox 137 1259 1923 1332; baseline -0.003 -14"><span class='ocrx_word' id='word_1_122' title='bbox 137 1279 162 1318; x_wconf 82' lang='lat'>5</span> <span class='ocrx_word' id='word_1_123' title='bbox 197 1265 399 1318; x_wconf 91' lang='lat' dir='ltr'><strong>tiorem</strong></span> <span class='ocrx_word' id='word_1_124' title='bbox 438 1262 619 1317; x_wconf 85' lang='lat' dir='ltr'><strong>facere</strong></span> <span class='ocrx_word' id='word_1_125' title='bbox 661 1261 929 1316; x_wconf 89' lang='lat' dir='ltr'><strong>Atticum.</strong></span> <span class='ocrx_word' id='word_1_126' title='bbox 997 1262 1103 1316; x_wconf 92' lang='lat' dir='ltr'><strong>hoc</strong></span> <span class='ocrx_word' id='word_1_127' title='bbox 1145 1262 1306 1332; x_wconf 90' lang='lat' dir='ltr'><strong>quale</strong></span> <span class='ocrx_word' id='word_1_128' title='bbox 1349 1261 1439 1332; x_wconf 88' lang='lat' dir='ltr'><strong>sit,</strong></span> <span class='ocrx_word' id='word_1_129' title='bbox 1478 1260 1698 1315; x_wconf 84' lang='lat' dir='ltr'><strong>facilius</strong></span> <span class='ocrx_word' id='word_1_130' title='bbox 1739 1259 1923 1313; x_wconf 80' lang='lat' dir='ltr'><strong>existi-</strong></span> 
     </span>
     <span class='ocr_line' id='line_1_17' title="bbox 197 1334 1922 1409; baseline -0.003 -15"><span class='ocrx_word' id='word_1_131' title='bbox 197 1341 374 1394; x_wconf 91' lang='lat' dir='ltr'><strong>mabit</strong></span> <span class='ocrx_word' id='word_1_132' title='bbox 413 1339 488 1409; x_wconf 85' lang='lat' dir='ltr'><strong>is,</strong></span> <span class='ocrx_word' id='word_1_133' title='bbox 530 1339 626 1408; x_wconf 93' lang='lat' dir='ltr'><strong>qui</strong></span> <span class='ocrx_word' id='word_1_134' title='bbox 665 1338 906 1391; x_wconf 89' lang='lat' dir='ltr'><strong>iudicare</strong></span> <span class='ocrx_word' id='word_1_135' title='bbox 946 1337 1179 1408; x_wconf 85' lang='lat' dir='ltr'><strong>poterit,</strong></span> <span class='ocrx_word' id='word_1_136' title='bbox 1221 1340 1459 1407; x_wconf 90' lang='lat' dir='ltr'><strong>quantae</strong></span> <span class='ocrx_word' id='word_1_137' title='bbox 1502 1337 1578 1391; x_wconf 90' lang='lat' dir='ltr'><strong>sit</strong></span> <span class='ocrx_word' id='word_1_138' title='bbox 1619 1334 1922 1406; x_wconf 87' lang='lat' dir='ltr'><strong>sapientiae</strong></span> 
     </span>
     <span class='ocr_line' id='line_1_18' title="bbox 198 1411 1922 1483; baseline -0.003 -13"><span class='ocrx_word' id='word_1_139' title='bbox 198 1435 389 1470; x_wconf 90' lang='lat' dir='ltr'><strong>eorum</strong></span> <span class='ocrx_word' id='word_1_140' title='bbox 444 1415 681 1468; x_wconf 89' lang='lat' dir='ltr'><strong>retinere</strong></span> <span class='ocrx_word' id='word_1_141' title='bbox 737 1431 900 1467; x_wconf 89' lang='lat' dir='ltr'><strong>usum</strong></span> <span class='ocrx_word' id='word_1_142' title='bbox 955 1413 1524 1483; x_wconf 86' lang='lat' dir='ltr'><strong>benivolentiamque,</strong></span> <span class='ocrx_word' id='word_1_143' title='bbox 1580 1411 1728 1466; x_wconf 89' lang='lat' dir='ltr'><strong>inter</strong></span> <span class='ocrx_word' id='word_1_144' title='bbox 1784 1428 1922 1482; x_wconf 90' lang='lat' dir='ltr'><strong>quos</strong></span> 
     </span>
     <span class='ocr_line' id='line_1_19' title="bbox 197 1486 1923 1559; baseline -0.003 -14"><span class='ocrx_word' id='word_1_145' title='bbox 197 1493 564 1545; x_wconf 80' lang='lat' dir='ltr'><strong>maximarum</strong></span> <span class='ocrx_word' id='word_1_146' title='bbox 627 1508 810 1543; x_wconf 88' lang='lat' dir='ltr'><strong>rerum</strong></span> <span class='ocrx_word' id='word_1_147' title='bbox 871 1507 984 1543; x_wconf 91' lang='lat' dir='ltr'><strong>non</strong></span> <span class='ocrx_word' id='word_1_148' title='bbox 1044 1490 1223 1543; x_wconf 90' lang='lat' dir='ltr'><strong>solum</strong></span> <span class='ocrx_word' id='word_1_149' title='bbox 1287 1488 1618 1559; x_wconf 82' lang='lat' dir='ltr'><strong>aemulatiO,</strong></span> <span class='ocrx_word' id='word_1_150' title='bbox 1681 1486 1776 1542; x_wconf 92' lang='lat' dir='ltr'><strong>sed</strong></span> <span class='ocrx_word' id='word_1_151' title='bbox 1833 1486 1923 1540; x_wconf 94' lang='lat' dir='ltr'><strong>ob-</strong></span> 
     </span>
     <span class='ocr_line' id='line_1_20' title="bbox 197 1563 1919 1635; baseline -0.003 -14"><span class='ocrx_word' id='word_1_152' title='bbox 197 1567 458 1621; x_wconf 89' lang='lat' dir='ltr'><strong>trectatio</strong></span> <span class='ocrx_word' id='word_1_153' title='bbox 508 1570 667 1619; x_wconf 89' lang='lat' dir='ltr'><strong>tanta</strong></span> <span class='ocrx_word' id='word_1_154' title='bbox 714 1564 1116 1635; x_wconf 88' lang='lat' dir='ltr'><strong>intercedebat,</strong></span> <span class='ocrx_word' id='word_1_155' title='bbox 1166 1568 1431 1634; x_wconf 85' lang='lat' dir='ltr'><strong>quantam</strong></span> <span class='ocrx_word' id='word_1_156' title='bbox 1478 1563 1586 1617; x_wconf 91' lang='lat' dir='ltr'><strong>fuit</strong></span> <span class='ocrx_word' id='word_1_157' title='bbox 1637 1563 1919 1630; x_wconf 89' lang='lat' dir='ltr'><strong>[incidere]</strong></span> 
     </span>
     <span class='ocr_line' id='line_1_21' title="bbox 196 1639 1922 1711; baseline -0.004 -14"><span class='ocrx_word' id='word_1_158' title='bbox 196 1661 437 1707; x_wconf 88' lang='lat' dir='ltr'><strong>necesse</strong></span> <span class='ocrx_word' id='word_1_159' title='bbox 459 1643 606 1695; x_wconf 92' lang='lat' dir='ltr'><strong>inter</strong></span> <span class='ocrx_word' id='word_1_160' title='bbox 640 1640 933 1695; x_wconf 84' lang='lat' dir='ltr'><strong>Caesarem</strong></span> <span class='ocrx_word' id='word_1_161' title='bbox 967 1643 1132 1710; x_wconf 88' lang='lat' dir='ltr'><strong>atque</strong></span> <span class='ocrx_word' id='word_1_162' title='bbox 1166 1639 1489 1711; x_wconf 88' lang='lat' dir='ltr'><strong>Antonium,</strong></span> <span class='ocrx_word' id='word_1_163' title='bbox 1531 1657 1655 1693; x_wconf 92' lang='lat' dir='ltr'><strong>cum</strong></span> <span class='ocrx_word' id='word_1_164' title='bbox 1688 1656 1746 1691; x_wconf 86' lang='lat' dir='ltr'><strong>se</strong></span> <span class='ocrx_word' id='word_1_165' title='bbox 1778 1640 1922 1691; x_wconf 89' lang='lat' dir='ltr'><strong>uter-</strong></span> 
     </span>
     <span class='ocr_line' id='line_1_22' title="bbox 200 1713 1922 1789; baseline -0.005 -16"><span class='ocrx_word' id='word_1_166' title='bbox 200 1738 304 1789; x_wconf 91' lang='lat' dir='ltr'><strong>que</strong></span> <span class='ocrx_word' id='word_1_167' title='bbox 344 1718 651 1789; x_wconf 85' lang='lat' dir='ltr'><strong>principem</strong></span> <span class='ocrx_word' id='word_1_168' title='bbox 689 1735 803 1770; x_wconf 93' lang='lat' dir='ltr'><strong>non</strong></span> <span class='ocrx_word' id='word_1_169' title='bbox 835 1717 1015 1769; x_wconf 92' lang='lat' dir='ltr'><strong>solum</strong></span> <span class='ocrx_word' id='word_1_170' title='bbox 1047 1716 1202 1769; x_wconf 89' lang='lat' dir='ltr'><strong>urbis</strong></span> <span class='ocrx_word' id='word_1_171' title='bbox 1236 1715 1462 1786; x_wconf 89' lang='lat' dir='ltr'><strong>Romae,</strong></span> <span class='ocrx_word' id='word_1_172' title='bbox 1504 1714 1598 1769; x_wconf 91' lang='lat' dir='ltr'><strong>sed</strong></span> <span class='ocrx_word' id='word_1_173' title='bbox 1633 1713 1782 1768; x_wconf 92' lang='lat' dir='ltr'><strong>orbis</strong></span> <span class='ocrx_word' id='word_1_174' title='bbox 1817 1716 1922 1765; x_wconf 88' lang='lat' dir='ltr'><strong>ter-</strong></span> 
     </span>
     <span class='ocr_line' id='line_1_23' title="bbox 199 1796 827 1864; baseline -0.006 -15"><span class='ocrx_word' id='word_1_175' title='bbox 199 1814 384 1849; x_wconf 90' lang='lat' dir='ltr'><strong>rarum</strong></span> <span class='ocrx_word' id='word_1_176' title='bbox 427 1812 545 1849; x_wconf 90' lang='lat' dir='ltr'><strong>esse</strong></span> <span class='ocrx_word' id='word_1_177' title='bbox 588 1796 827 1864; x_wconf 91' lang='lat' dir='ltr'><strong>cuperet.</strong></span> 
     </span>
    </p>

    <p class='ocr_par' dir='ltr' id='par_1_7' title="bbox 109 1868 1922 2245">
     <span class='ocr_line' id='line_1_24' title="bbox 109 1868 1921 1939; baseline -0.004 -14"><span class='ocrx_word' id='word_1_178' title='bbox 109 1872 177 1927; x_wconf 68' lang='lat'><strong>21</strong></span> <span class='ocrx_word' id='word_1_179' title='bbox 349 1870 472 1923; x_wconf 85' lang='lat' dir='ltr'><strong>Tali</strong></span> <span class='ocrx_word' id='word_1_180' title='bbox 505 1870 667 1923; x_wconf 89' lang='lat' dir='ltr'><strong>modo</strong></span> <span class='ocrx_word' id='word_1_181' title='bbox 703 1887 827 1923; x_wconf 91' lang='lat' dir='ltr'><strong>cum</strong></span> <span class='ocrx_word' id='word_1_182' title='bbox 861 1871 1073 1938; x_wconf 88' lang='lat' dir='ltr'><strong>septem</strong></span> <span class='ocrx_word' id='word_1_183' title='bbox 1107 1871 1163 1922; x_wconf 91' lang='lat' dir='ltr'><strong>et</strong></span> <span class='ocrx_word' id='word_1_184' title='bbox 1189 1868 1546 1939; x_wconf 83' lang='lat' dir='ltr'><strong>septuaginta</strong></span> <span class='ocrx_word' id='word_1_185' title='bbox 1571 1882 1744 1920; x_wconf 87' lang='lat' dir='ltr'><strong>annos</strong></span> <span class='ocrx_word' id='word_1_186' title='bbox 1778 1881 1921 1917; x_wconf 90' lang='lat' dir='ltr'><strong>com-</strong></span> 
     </span>
     <span class='ocr_line' id='line_1_25' title="bbox 199 1939 1920 2018; baseline -0.005 -17"><span class='ocrx_word' id='word_1_187' title='bbox 199 1948 406 2018; x_wconf 89' lang='lat' dir='ltr'><strong>plesset</strong></span> <span class='ocrx_word' id='word_1_188' title='bbox 463 1949 629 2015; x_wconf 90' lang='lat' dir='ltr'><strong>atque</strong></span> <span class='ocrx_word' id='word_1_189' title='bbox 687 1945 755 1998; x_wconf 91' lang='lat' dir='ltr'><strong>ad</strong></span> <span class='ocrx_word' id='word_1_190' title='bbox 811 1947 1113 1997; x_wconf 82' lang='lat' dir='ltr'><strong>extremam</strong></span> <span class='ocrx_word' id='word_1_191' title='bbox 1177 1946 1519 1997; x_wconf 87' lang='lat' dir='ltr'><strong>senectutem</strong></span> <span class='ocrx_word' id='word_1_192' title='bbox 1573 1959 1686 1995; x_wconf 90' lang='lat' dir='ltr'><strong>non</strong></span> <span class='ocrx_word' id='word_1_193' title='bbox 1740 1939 1920 1993; x_wconf 91' lang='lat' dir='ltr'><strong>minus</strong></span> 
     </span>
     <span class='ocr_line' id='line_1_26' title="bbox 201 2013 1921 2095; baseline -0.005 -19"><span class='ocrx_word' id='word_1_194' title='bbox 201 2023 474 2095; x_wconf 85' lang='lat' dir='ltr'><strong>dignitate</strong></span> <span class='ocrx_word' id='word_1_195' title='bbox 532 2039 697 2090; x_wconf 84' lang='lat' dir='ltr'><strong>quam</strong></span> <span class='ocrx_word' id='word_1_196' title='bbox 754 2020 937 2092; x_wconf 87' lang='lat' dir='ltr'><strong>gratia</strong></span> <span class='ocrx_word' id='word_1_197' title='bbox 992 2019 1324 2090; x_wconf 89' lang='lat' dir='ltr'><strong>fortunaque</strong></span> <span class='ocrx_word' id='word_1_198' title='bbox 1378 2018 1644 2073; x_wconf 85' lang='lat' dir='ltr'><strong>crevisset</strong></span> <span class='ocrx_word' id='word_1_199' title='bbox 1692 2013 1921 2087; x_wconf 89' lang='lat' dir='ltr'><strong>(multas</strong></span> 
     </span>
     <span class='ocr_line' id='line_1_27' title="bbox 201 2093 1921 2165; baseline -0.006 -12"><span class='ocrx_word' id='word_1_200' title='bbox 201 2099 348 2154; x_wconf 88' lang='lat' dir='ltr'><strong>enim</strong></span> <span class='ocrx_word' id='word_1_201' title='bbox 395 2098 733 2151; x_wconf 88' lang='lat' dir='ltr'><strong>hereditates</strong></span> <span class='ocrx_word' id='word_1_202' title='bbox 782 2096 935 2149; x_wconf 93' lang='lat' dir='ltr'><strong>nulla</strong></span> <span class='ocrx_word' id='word_1_203' title='bbox 983 2095 1092 2149; x_wconf 90' lang='lat' dir='ltr'><strong>alia</strong></span> <span class='ocrx_word' id='word_1_204' title='bbox 1131 2113 1188 2149; x_wconf 93' lang='lat' dir='ltr'><strong>re</strong></span> <span class='ocrx_word' id='word_1_205' title='bbox 1232 2113 1396 2165; x_wconf 89' lang='lat' dir='ltr'><strong>quam</strong></span> <span class='ocrx_word' id='word_1_206' title='bbox 1443 2093 1696 2148; x_wconf 88' lang='lat' dir='ltr'><strong>bonitate</strong></span> <span class='ocrx_word' id='word_1_207' title='bbox 1738 2107 1921 2144; x_wconf 89' lang='lat' dir='ltr'><strong>conse—</strong></span> 
     </span>
     <span class='ocr_line' id='line_1_28' title="bbox 203 2164 1922 2245; baseline -0.006 -17"><span class='ocrx_word' id='word_1_208' title='bbox 203 2178 362 2229; x_wconf 91' lang='lat' dir='ltr'><strong>cutus</strong></span> <span class='ocrx_word' id='word_1_209' title='bbox 390 2171 497 2245; x_wconf 89' lang='lat' dir='ltr'><strong>est)</strong></span> <span class='ocrx_word' id='word_1_210' title='bbox 533 2176 797 2242; x_wconf 89' lang='lat' dir='ltr'><strong>tantaque</strong></span> <span class='ocrx_word' id='word_1_211' title='bbox 825 2171 1196 2241; x_wconf 88' lang='lat' dir='ltr'><strong>prosperitate</strong></span> <span class='ocrx_word' id='word_1_212' title='bbox 1230 2189 1362 2224; x_wconf 90' lang='lat' dir='ltr'><strong>usus</strong></span> <span class='ocrx_word' id='word_1_213' title='bbox 1396 2173 1544 2224; x_wconf 90' lang='lat' dir='ltr'><strong>esset</strong></span> <span class='ocrx_word' id='word_1_214' title='bbox 1574 2164 1922 2235; x_wconf 81' lang='lat' dir='ltr'><strong>valetudiniS,</strong></span> 
     </span>
    </p>

    <p class='ocr_par' dir='ltr' id='par_1_8' title="bbox 143 2243 1923 2472">
     <span class='ocr_line' id='line_1_29' title="bbox 143 2243 1923 2320; baseline -0.007 -15"><span class='ocrx_word' id='word_1_215' title='bbox 143 2265 168 2305; x_wconf 82' lang='lat'><strong>2</strong></span> <span class='ocrx_word' id='word_1_216' title='bbox 201 2255 264 2305; x_wconf 91' lang='lat' dir='ltr'><strong>ut</strong></span> <span class='ocrx_word' id='word_1_217' title='bbox 306 2250 461 2304; x_wconf 85' lang='lat' dir='ltr'><strong>annis</strong></span> <span class='ocrx_word' id='word_1_218' title='bbox 503 2249 737 2320; x_wconf 85' lang='lat' dir='ltr'><strong>triginta</strong></span> <span class='ocrx_word' id='word_1_219' title='bbox 778 2247 1048 2300; x_wconf 88' lang='lat' dir='ltr'><strong>medicina</strong></span> <span class='ocrx_word' id='word_1_220' title='bbox 1078 2265 1190 2301; x_wconf 93' lang='lat' dir='ltr'><strong>non</strong></span> <span class='ocrx_word' id='word_1_221' title='bbox 1221 2246 1568 2318; x_wconf 84' lang='lat' dir='ltr'><strong>indiguisset,</strong></span> <span class='ocrx_word' id='word_1_222' title='bbox 1606 2244 1801 2297; x_wconf 88' lang='lat' dir='ltr'><strong>nactus</strong></span> <span class='ocrx_word' id='word_1_223' title='bbox 1836 2243 1923 2294; x_wconf 88' lang='lat' dir='ltr'><strong>est</strong></span> 
     </span>
     <span class='ocr_line' id='line_1_30' title="bbox 203 2319 1921 2396; baseline -0.006 -16"><span class='ocrx_word' id='word_1_224' title='bbox 203 2327 472 2396; x_wconf 89' lang='lat' dir='ltr'><strong>morbum,</strong></span> <span class='ocrx_word' id='word_1_225' title='bbox 514 2343 676 2395; x_wconf 90' lang='lat' dir='ltr'><strong>quem</strong></span> <span class='ocrx_word' id='word_1_226' title='bbox 708 2323 869 2376; x_wconf 85' lang='lat' dir='ltr'><strong>initio</strong></span> <span class='ocrx_word' id='word_1_227' title='bbox 905 2326 960 2375; x_wconf 91' lang='lat' dir='ltr'><strong>et</strong></span> <span class='ocrx_word' id='word_1_228' title='bbox 991 2322 1108 2392; x_wconf 90' lang='lat' dir='ltr'><strong>ipse</strong></span> <span class='ocrx_word' id='word_1_229' title='bbox 1144 2326 1200 2376; x_wconf 89' lang='lat' dir='ltr'><strong>et</strong></span> <span class='ocrx_word' id='word_1_230' title='bbox 1224 2322 1423 2375; x_wconf 91' lang='lat' dir='ltr'><strong>medici</strong></span> <span class='ocrx_word' id='word_1_231' title='bbox 1448 2319 1921 2388; x_wconf 80' lang='lat' dir='ltr'><strong>contempsenmt:</strong></span> 
     </span>
     <span class='ocr_line' id='line_1_31' title="bbox 203 2391 1921 2472; baseline -0.006 -16"><span class='ocrx_word' id='word_1_232' title='bbox 203 2422 331 2457; x_wconf 87' lang='lat' dir='ltr'><strong>nam</strong></span> <span class='ocrx_word' id='word_1_233' title='bbox 371 2404 640 2472; x_wconf 90' lang='lat' dir='ltr'><strong>putarunt</strong></span> <span class='ocrx_word' id='word_1_234' title='bbox 680 2417 798 2453; x_wconf 90' lang='lat' dir='ltr'><strong>esse</strong></span> <span class='ocrx_word' id='word_1_235' title='bbox 839 2402 1149 2467; x_wconf 89' lang='lat' dir='ltr'><strong>tenesmon,</strong></span> <span class='ocrx_word' id='word_1_236' title='bbox 1202 2397 1289 2452; x_wconf 89' lang='lat' dir='ltr'><strong>cui</strong></span> <span class='ocrx_word' id='word_1_237' title='bbox 1328 2395 1569 2450; x_wconf 88' lang='lat' dir='ltr'><strong>remedia</strong></span> <span class='ocrx_word' id='word_1_238' title='bbox 1609 2393 1808 2448; x_wconf 84' lang='lat' dir='ltr'><strong>celeria</strong></span> <span class='ocrx_word' id='word_1_239' title='bbox 1846 2391 1921 2446; x_wconf 92' lang='lat' dir='ltr'><strong>fa-</strong></span> 
     </span>
    </p>

    <p class='ocr_par' dir='ltr' id='par_1_9' title="bbox 145 2468 1923 2774">
     <span class='ocr_line' id='line_1_32' title="bbox 145 2468 1922 2548; baseline -0.006 -16"><span class='ocrx_word' id='word_1_240' title='bbox 145 2493 171 2532; x_wconf 88' lang='lat'><strong>3</strong></span> <span class='ocrx_word' id='word_1_241' title='bbox 207 2479 439 2548; x_wconf 84' lang='lat' dir='ltr'><strong>ciliaque</strong></span> <span class='ocrx_word' id='word_1_242' title='bbox 479 2476 945 2547; x_wconf 90' lang='lat' dir='ltr'><strong>proponebantur.</strong></span> <span class='ocrx_word' id='word_1_243' title='bbox 1008 2474 1066 2527; x_wconf 90' lang='lat' dir='ltr'><strong>in</strong></span> <span class='ocrx_word' id='word_1_244' title='bbox 1104 2473 1210 2527; x_wconf 91' lang='lat' dir='ltr'><strong>hoc</strong></span> <span class='ocrx_word' id='word_1_245' title='bbox 1251 2491 1375 2526; x_wconf 89' lang='lat' dir='ltr'><strong>cum</strong></span> <span class='ocrx_word' id='word_1_246' title='bbox 1408 2476 1521 2526; x_wconf 89' lang='lat' dir='ltr'><strong>tres</strong></span> <span class='ocrx_word' id='word_1_247' title='bbox 1555 2487 1770 2524; x_wconf 90' lang='lat' dir='ltr'><strong>menses</strong></span> <span class='ocrx_word' id='word_1_248' title='bbox 1806 2468 1922 2522; x_wconf 87' lang='lat' dir='ltr'><strong>sine</strong></span> 
     </span>
     <span class='ocr_line' id='line_1_33' title="bbox 205 2545 1923 2622; baseline -0.006 -15"><span class='ocrx_word' id='word_1_249' title='bbox 205 2555 334 2607; x_wconf 90' lang='lat' dir='ltr'><strong>ullis</strong></span> <span class='ocrx_word' id='word_1_250' title='bbox 377 2553 676 2622; x_wconf 90' lang='lat' dir='ltr'><strong>doloribus,</strong></span> <span class='ocrx_word' id='word_1_251' title='bbox 716 2554 1104 2622; x_wconf 86' lang='lat' dir='ltr'><strong>praeterquam</strong></span> <span class='ocrx_word' id='word_1_252' title='bbox 1147 2567 1284 2619; x_wconf 84' lang='lat' dir='ltr'><strong>quos</strong></span> <span class='ocrx_word' id='word_1_253' title='bbox 1326 2567 1391 2602; x_wconf 85' lang='lat' dir='ltr'><strong>ex</strong></span> <span class='ocrx_word' id='word_1_254' title='bbox 1433 2547 1715 2602; x_wconf 89' lang='lat' dir='ltr'><strong>curatione</strong></span> <span class='ocrx_word' id='word_1_255' title='bbox 1749 2545 1923 2615; x_wconf 90' lang='lat' dir='ltr'><strong>capie-</strong></span> 
     </span>
     <span class='ocr_line' id='line_1_34' title="bbox 206 2621 1923 2699; baseline -0.006 -15"><span class='ocrx_word' id='word_1_256' title='bbox 206 2631 328 2699; x_wconf 88' lang='lat' dir='ltr'><strong>bat,</strong></span> <span class='ocrx_word' id='word_1_257' title='bbox 377 2628 832 2699; x_wconf 86' lang='lat' dir='ltr'><strong>consumpsisset,</strong></span> <span class='ocrx_word' id='word_1_258' title='bbox 885 2625 1069 2679; x_wconf 90' lang='lat' dir='ltr'><strong>subito</strong></span> <span class='ocrx_word' id='word_1_259' title='bbox 1112 2627 1269 2678; x_wconf 89' lang='lat' dir='ltr'><strong>tanta</strong></span> <span class='ocrx_word' id='word_1_260' title='bbox 1308 2624 1391 2677; x_wconf 90' lang='lat' dir='ltr'><strong>vis</strong></span> <span class='ocrx_word' id='word_1_261' title='bbox 1433 2622 1613 2677; x_wconf 90' lang='lat' dir='ltr'><strong>morbi</strong></span> <span class='ocrx_word' id='word_1_262' title='bbox 1653 2622 1712 2676; x_wconf 91' lang='lat' dir='ltr'><strong>in</strong></span> <span class='ocrx_word' id='word_1_263' title='bbox 1750 2621 1923 2674; x_wconf 91' lang='lat' dir='ltr'><strong>imum</strong></span> 
     </span>
     <span class='ocr_line' id='line_1_35' title="bbox 207 2696 1922 2774; baseline -0.006 -15"><span class='ocrx_word' id='word_1_264' title='bbox 207 2705 533 2760; x_wconf 87' lang='lat' dir='ltr'><strong>intestinum</strong></span> <span class='ocrx_word' id='word_1_265' title='bbox 572 2703 851 2774; x_wconf 87' lang='lat' dir='ltr'><strong>prorupit,</strong></span> <span class='ocrx_word' id='word_1_266' title='bbox 890 2706 953 2755; x_wconf 90' lang='lat' dir='ltr'><strong>ut</strong></span> <span class='ocrx_word' id='word_1_267' title='bbox 993 2704 1237 2755; x_wconf 87' lang='lat' dir='ltr'><strong>extremo</strong></span> <span class='ocrx_word' id='word_1_268' title='bbox 1279 2703 1526 2770; x_wconf 90' lang='lat' dir='ltr'><strong>tempore</strong></span> <span class='ocrx_word' id='word_1_269' title='bbox 1565 2715 1664 2769; x_wconf 90' lang='lat' dir='ltr'><strong>per</strong></span> <span class='ocrx_word' id='word_1_270' title='bbox 1702 2696 1922 2751; x_wconf 86' lang='lat' dir='ltr'><strong>lumbos</strong></span> 
     </span>
    </p>

    <p class='ocr_par' dir='ltr' id='par_1_10' title="bbox 148 2769 1924 3002">
     <span class='ocr_line' id='line_1_36' title="bbox 148 2769 1922 2850; baseline -0.006 -15"><span class='ocrx_word' id='word_1_271' title='bbox 148 2797 177 2838; x_wconf 81' lang='lat'>4</span> <span class='ocrx_word' id='word_1_272' title='bbox 208 2781 425 2835; x_wconf 89' lang='lat' dir='ltr'><strong>fistulae</strong></span> <span class='ocrx_word' id='word_1_273' title='bbox 466 2781 618 2850; x_wconf 88' lang='lat' dir='ltr'><strong>puris</strong></span> <span class='ocrx_word' id='word_1_274' title='bbox 660 2779 953 2850; x_wconf 89' lang='lat' dir='ltr'><strong>eruperint.</strong></span> <span class='ocrx_word' id='word_1_275' title='bbox 1015 2780 1179 2847; x_wconf 87' lang='lat' dir='ltr'><strong>atque</strong></span> <span class='ocrx_word' id='word_1_276' title='bbox 1211 2776 1316 2830; x_wconf 92' lang='lat' dir='ltr'><strong>hoc</strong></span> <span class='ocrx_word' id='word_1_277' title='bbox 1348 2776 1672 2846; x_wconf 91' lang='lat' dir='ltr'><strong>priusquam</strong></span> <span class='ocrx_word' id='word_1_278' title='bbox 1704 2772 1754 2826; x_wconf 94' lang='lat' dir='ltr'><strong>ei</strong></span> <span class='ocrx_word' id='word_1_279' title='bbox 1788 2769 1922 2825; x_wconf 86' lang='lat' dir='ltr'><strong>acci-</strong></span> 
     </span>
     <span class='ocr_line' id='line_1_37' title="bbox 211 2848 1923 2927; baseline -0.007 -17"><span class='ocrx_word' id='word_1_280' title='bbox 211 2858 384 2927; x_wconf 90' lang='lat' dir='ltr'><strong>deret,</strong></span> <span class='ocrx_word' id='word_1_281' title='bbox 435 2860 731 2926; x_wconf 89' lang='lat' dir='ltr'><strong>postquam</strong></span> <span class='ocrx_word' id='word_1_282' title='bbox 771 2856 828 2908; x_wconf 89' lang='lat' dir='ltr'><strong>in</strong></span> <span class='ocrx_word' id='word_1_283' title='bbox 869 2854 983 2907; x_wconf 89' lang='lat' dir='ltr'><strong>dies</strong></span> <span class='ocrx_word' id='word_1_284' title='bbox 1025 2852 1242 2906; x_wconf 87' lang='lat' dir='ltr'><strong>dolores</strong></span> <span class='ocrx_word' id='word_1_285' title='bbox 1285 2869 1593 2906; x_wconf 88' lang='lat' dir='ltr'><strong>accrescere</strong></span> <span class='ocrx_word' id='word_1_286' title='bbox 1632 2848 1923 2915; x_wconf 87' lang='lat' dir='ltr'><strong>febresque</strong></span> 
     </span>
     <span class='ocr_line' id='line_1_38' title="bbox 211 2920 1924 3002; baseline -0.008 -15"><span class='ocrx_word' id='word_1_287' title='bbox 211 2933 505 2987; x_wconf 88' lang='lat' dir='ltr'><strong>accessisse</strong></span> <span class='ocrx_word' id='word_1_288' title='bbox 564 2932 757 3000; x_wconf 87' lang='lat' dir='ltr'><strong>sensit,</strong></span> <span class='ocrx_word' id='word_1_289' title='bbox 809 2929 1118 3002; x_wconf 84' lang='lat' dir='ltr'><strong>Agrippam</strong></span> <span class='ocrx_word' id='word_1_290' title='bbox 1175 2945 1437 2999; x_wconf 85' lang='lat' dir='ltr'><strong>generum</strong></span> <span class='ocrx_word' id='word_1_291' title='bbox 1493 2926 1562 2980; x_wconf 88' lang='lat' dir='ltr'><strong>ad</strong></span> <span class='ocrx_word' id='word_1_292' title='bbox 1609 2942 1666 2978; x_wconf 85' lang='lat' dir='ltr'><strong>se</strong></span> <span class='ocrx_word' id='word_1_293' title='bbox 1722 2920 1924 2976; x_wconf 87' lang='lat' dir='ltr'><strong>arcessi</strong></span> 
     </span>
    </p>
   </div>
  </div>
 </body>
</html>
