2164 3358
780 89 833 136 X.
871 90 1034 137 mox.
1087 98 1124 138 ι.
1159 97 1200 138 2.
1781 97 1854 150 37

815 248 886 310 X.
936 247 1148 311 DION.

272 364 437 437 Dion,
477 365 771 439 Hipparini
810 366 972 436 filius,
1006 364 1404 438 Syracusanus,
1444 370 1619 424 nobili
1653 389 1851 443 genere
1894 376 1918 430 1

116 444 317 513 nutus,
387 447 622 515 utraque
686 442 1006 514 implicatus
1079 445 1372 513 tyrannide
1440 444 1853 518 Dionysiorum.

116 536 357 591 namque
404 518 499 575 ille
547 518 800 590 superior
841 518 1293 590 Aristomachen,
1348 540 1597 577 sororem
1640 521 1855 592 Dionis,

116 592 319 651 habuit
350 594 408 650 in
441 594 814 664 matrimoniO,
854 613 920 648 ex
954 612 1063 665 qua
1095 594 1233 649 duos
1276 597 1439 667 filios,
1481 597 1854 671 Hipparinum

117 674 178 727 et
217 668 855 801 Nimmtpzocrtzavit
895 670 1242 756 totidemque
1284 672 1855 806 filiasfinominefflSo·

157 746 438 820 hrosynen
476 763 506 801 e
626 764 685 800 re
747 765 801 816 n,
844 764 1079 817 quarum
1121 766 1364 818 priorem
1461 770 1552 805 ion
1595 770 1679 806 sio
1784 772 1838 807 io

117 765 297 880 {idem
344 821 433 878 cui
482 839 716 896 regnum
773 821 1024 894 reliquit,
1079 829 1316 894 nuptum
1374 770 1857 898 dedit,yalteram:

116 899 356 969 Areten,
395 896 579 954 Dioni.
660 897 808 953 Dion
856 904 1044 954 autem
1093 905 1316 971 praeter
1364 920 1692 974 generosam
1735 924 1855 976 pro-
1890 922 1918 963 2

114 973 490 1049 pinquitatem
538 974 891 1047 nobilemque
943 975 1214 1030 maiorum
1266 978 1470 1033 famam
1522 980 1698 1035 multa
1746 981 1857 1035 alia

115 1050 188 1107 ab
227 1054 431 1106 natura
469 1050 668 1106 habuit
710 1051 871 1121 bona,
913 1052 967 1106 in
1011 1052 1090 1106 eis
1134 1053 1419 1125 ingenium
1453 1055 1645 1126 docile,
1685 1075 1857 1128 come,

0 1168 3 1186 ,
115 1129 313 1200 aptum
345 1126 415 1182 ad
448 1131 599 1214 artes
634 1127 892 1199 optimas,
928 1145 1188 1200 magnam
1222 1132 1472 1201 corporis
1505 1132 1856 1205 dignitatem,

154 1221 257 1259 uae
312 1221 424 1259 non
482 1203 773 1259 minimum
830 1205 1214 1275 commendat,
1279 1226 1510 1279 magnas
1568 1215 1855 1280 praeterea

156 1279 341 1335 ‘vitias
381 1298 416 1335 a
445 1283 606 1352 patre
647 1280 888 1351 relictas,
928 1297 1064 1351 quas
1107 1282 1224 1352 ipse
1267 1284 1488 1353 tyranni
1534 1288 1855 1341 muneribus

116 1361 362 1412 auxerat.
440 1360 563 1411 erat
610 1356 841 1411 intimus
886 1355 1156 1427 Dionysio
1207 1359 1404 1429 priori,
1453 1380 1629 1432 neque
1673 1364 1853 1417 minus
1889 1380 1917 1420 3

114 1434 346 1506 propter
394 1450 577 1487 mores
634 1450 801 1504 quam
850 1433 1201 1488 affinitatem.
1283 1454 1520 1507 namque
1570 1439 1676 1492 etsi
1729 1438 1856 1493 Dio-

114 1507 263 1581 nysii
304 1507 605 1564 erudelitas
646 1509 695 1562 ei
737 1508 1098 1580 displicebat,
1140 1516 1326 1565 tamen
1370 1513 1585 1568 salvum
1627 1520 1856 1586 propter

112 1583 604 1655 necessitudinem,
654 1586 833 1657 magis
882 1586 1051 1640 etiam
1101 1605 1329 1642 suorum
1373 1608 1538 1644 causa
1579 1591 1855 1646 studebat.

114 1658 309 1717 aderat
347 1659 406 1716 in
446 1661 665 1734 magnis
707 1662 889 1732 rebus,
929 1663 1156 1733 eiusque
1199 1664 1433 1719 consilio
1468 1667 1706 1721 multum
1743 1688 1855 1723 mo·

114 1735 349 1793 vehatur
395 1740 692 1809 tyrannus,
739 1738 849 1793 nisi
892 1758 1001 1809 qua
1042 1740 1098 1793 in
1140 1759 1197 1794 re
1254 1742 1431 1796 maior
1480 1743 1655 1814 ipsius
1705 1747 1852 1815 cupi-

114 1811 262 1869 ditas
295 1812 703 1869 intercesserat.
760 1815 1069 1887 legationes
1097 1835 1224 1871 vero
1252 1836 1460 1888 omnes,
1494 1838 1633 1890 quae
1667 1828 1853 1875 essent
1885 1837 1915 1878 ι

114 1887 465 1961 illustriores,
490 1908 588 1962 per
614 1888 852 1945 Dionem
878 1891 1436 1948 administrabantur:
1472 1914 1610 1966 quas
1631 1898 1850 1968 quidem

115 1963 210 2020 ille
249 1963 547 2040 diligenter
587 1967 866 2037 obeundo,
908 1967 1145 2022 fideliter
1185 1969 1625 2027 administrando
1668 1974 1850 2028 crude·

114 2039 393 2097 liminium
417 2058 618 2098 nomen
645 2044 866 2114 tyranni
895 2063 996 2097 sua
1022 2044 1371 2101 humanitate
1398 2047 1655 2103 leniebat.
1706 2050 1849 2105 hunc
1884 2065 1912 2104 ὁ

112 2134 150 2173 a
193 2114 469 2189 Dionysio
518 2119 751 2174 missum
794 2118 1296 2193 Karthaginienses
1343 2124 1420 2179 sic
1467 2133 1850 2197 suspexerunt,

111 2195 181 2250 ut
206 2194 487 2250 neminem
520 2214 784 2267 umquam
820 2194 1032 2251 Graeca
1074 2197 1267 2271 lingua
1307 2199 1626 2271 loquentem
1672 2203 1849 2275 magis

114 2265 231 2326 tint
266 2269 545 2326 admirati.

263 2341 459 2420 Neque
479 2366 608 2403 vero
634 2348 769 2404 baec
789 2347 1120 2420 Dionysium
1148 2351 1459 2423 fugiebant:
1487 2372 1614 2407 nam
1638 2359 1847 2424 quanto
1884 2359 1919 2411 2

115 2422 267 2477 unet
307 2421 417 2479 sibi
465 2428 820 2496 ornamentO,
877 2427 1170 2481 sentiebat.
1251 2449 1359 2498 quo
1418 2429 1587 2482 fiebat
1641 2435 1703 2483 ut
1755 2434 1843 2485 uni

114 2491 246 2552 huie
283 2498 521 2556 Eutime
561 2500 877 2574 indulgeret
918 2521 1094 2573 neque
1136 2524 1260 2558 eum
1304 2524 1459 2558 secus
1495 2505 1754 2577 diligeret
1786 2526 1847 2562 ac

116 2568 316 2628 filium:
399 2574 458 2631 ui
498 2576 744 2649 quidem,
784 2597 909 2634 cum
955 2578 1245 2634 Platonem
1290 2580 1589 2635 Tarentum
1636 2584 1847 2637 venisse
1884 2605 1910 2639 s

114 2644 266 2703 hm
296 2591 634 2708 in‘bidliam
667 2659 818 2709 esset
858 2655 1087 2726 perlata,
1129 2657 1466 2711 adulescenti
1503 2676 1704 2729 negare
1739 2680 1846 2714 non

112 2727 378 2796 potuerit,
416 2725 552 2798 quin
582 2747 709 2785 eum
742 2738 1063 2801 arcesseret,
1098 2752 1219 2786 cum
1260 2731 1404 2787 Dion
1438 2733 1554 2788 eius
1591 2735 1843 2789 audiendi

112 2795 419 2872 eupiditate
469 2799 746 2875 flagraret.
825 2807 978 2862 dedit
1018 2827 1151 2878 ergo
1195 2808 1322 2862 huic
1367 2810 1581 2864 veniam
1626 2830 1845 2879 magna·

110 2891 219 2948 que
265 2893 392 2931 eum
444 2877 751 2938 ambitione
790 2880 1095 2955 Syracusas
1139 2883 1411 2954 perduxit.
1493 2904 1655 2957 quem
1700 2886 1844 2940 Dion
1879 2903 1905 2940 3

109 2948 248 3007 adeo
295 2951 602 3010 admiratus
648 2960 738 3012 est
784 2962 951 3030 atque
1002 2960 1307 3030 adamavit,
1360 2965 1423 3015 ut
1464 2980 1521 3015 se
1564 2964 1611 3015 ei
1664 2967 1845 3015 totum
