2164 3358
582 100 684 146 vn.
719 100 1099 150 ALCIBIADES.
1150 107 1285 149 6-7.
1749 106 1820 160 27

78 241 222 295 quae
268 227 466 296 captae
515 225 571 280 in
620 225 872 281 hostium
920 231 1186 281 venerant
1235 232 1591 298 potestatem.
1671 231 1820 286 Alci·
1856 247 1882 287 ὓ

76 298 270 356 biades
302 300 468 355 simul
496 320 622 356 cum
648 303 879 377 collegis
913 308 1200 373 receperat
1226 303 1458 377 Ioniam,
1492 305 1821 377 Hellespon·

77 379 216 447 tum,
248 377 455 432 multas
489 383 779 450 praeterea
809 379 976 433 urbes
1003 377 1262 451 Graecas,
1298 401 1437 452 quae
1464 382 1520 437 in
1548 402 1646 436 ora
1679 384 1821 438 sitae

76 457 210 508 sunt
241 452 560 526 Thraeciae,
594 473 828 526 quarum
861 461 1251 528 expugnarant
1284 460 1617 530 complures,
1649 460 1707 513 in
1740 460 1820 514 eis

74 527 432 602 Byzantium,
464 550 641 602 neque
677 531 858 585 minus
893 532 1101 587 multas
1137 534 1372 589 consilio
1408 536 1475 589 ad
1510 536 1820 591 amicitiam

75 605 459 678 adiunxerant,
490 607 637 679 quod
671 607 728 661 in
761 611 957 678 captos
992 609 1289 664 clementia
1324 611 1546 666 fuerant
1579 613 1681 666 usi.
1738 614 1821 666 ita
1855 628 1880 668 7

73 684 282 755 praeda
299 684 503 754 onusti,
527 683 871 755 locupletato
892 686 1154 757 exercitu,
1181 688 1439 742 maximis
1459 689 1624 743 rebus
1643 690 1820 763 gestis

74 759 330 816 Athenas
370 764 655 815 venerunt.

228 834 335 891 His
374 854 502 892 cum
544 836 768 891 obviam
809 838 1070 893 universa
1111 840 1311 895 civitas
1346 841 1403 895 in
1438 841 1698 896 Piraeum
1733 844 1820 897 de·
1854 845 1889 899 6

74 912 398 984 scendisset,
437 916 598 968 tanta
637 912 748 988 fuit
787 915 1037 970 omnium
1079 918 1426 988 exspectatio
1469 919 1680 974 visendi
1724 920 1819 973 Al-

72 987 324 1061 cibiadis,
354 993 420 1044 ut
444 990 513 1044 ad
539 990 658 1044 eius
694 990 981 1046 triremem
1007 993 1208 1066 vulgus
1234 994 1555 1066 conflueret,
1587 996 1819 1067 proinde

71 1083 137 1123 ac
177 1066 227 1121 si
267 1065 421 1122 solus
463 1066 794 1122 advenisset.
869 1069 948 1123 sic
989 1070 1138 1124 enim
1182 1072 1388 1141 populo
1432 1076 1554 1126 erat
1594 1091 1818 1144 persua·
1853 1090 1878 1128 2

71 1161 222 1215 sum,
276 1146 335 1198 et
382 1143 642 1198 adversas
700 1145 1014 1215 superiores
1065 1150 1122 1200 et
1173 1152 1497 1218 praesentes
1547 1149 1817 1204 secundas

70 1238 162 1275 res
193 1219 462 1275 accidisse
495 1221 612 1275 eius
647 1240 831 1292 opera.
897 1222 1087 1293 itaque
1129 1228 1186 1277 et
1217 1226 1498 1280 exercitum
1532 1227 1590 1279 in
1625 1224 1819 1281 Sicilia

71 1296 341 1352 amissum
390 1300 449 1351 et
496 1294 1062 1353 Lacedaemoniorum
1116 1300 1382 1355 victorias
1437 1303 1632 1372 culpae
1686 1321 1818 1357 suae

70 1373 421 1444 tribuebant,
473 1373 619 1444 quod
669 1374 840 1428 talem
890 1375 1071 1429 virum
1113 1395 1141 1429 e
1184 1377 1412 1432 civitate
1456 1379 1820 1449 expulissent.

69 1467 250 1521 neque
289 1450 346 1504 id
387 1449 506 1505 sine
546 1468 716 1505 causa
755 1451 1021 1505 arbitrari
1065 1452 1412 1508 videbantur.
1491 1474 1622 1509 nam
1665 1460 1817 1526 post-

70 1544 240 1598 quam
279 1526 547 1582 exercitui
587 1545 844 1597 praeesse
886 1533 1170 1601 coeperat,
1219 1549 1396 1601 neque
1447 1535 1599 1586 terra
1639 1551 1818 1603 neque

69 1602 212 1658 mari
244 1602 438 1658 hostes
471 1621 633 1674 pares
668 1622 788 1658 esse
823 1608 1139 1675 potuerant.
1192 1607 1283 1662 hic
1317 1612 1382 1661 ut
1415 1628 1443 1662 e
1476 1609 1603 1662 navi
1639 1627 1818 1682 egres·
1853 1628 1878 1666 3

69 1696 164 1735 sus
196 1682 300 1751 est,
334 1697 672 1751 quamquam
698 1679 1071 1737 Theramenes
1106 1687 1163 1737 et
1187 1683 1574 1755 Thrasybulus
1610 1686 1818 1740 eisdem

69 1755 237 1811 rebus
261 1756 621 1828 praefuerant
646 1757 924 1829 simulque
949 1765 1218 1813 venerant
1244 1761 1299 1814 in
1329 1761 1603 1832 Piraeum,
1630 1767 1814 1816 tamen

69 1850 242 1888 unum
275 1851 468 1888 omnes
509 1833 669 1888 illum
710 1837 1209 1906 prosequebantur,
1258 1841 1330 1908 et,
1371 1838 1425 1892 id
1475 1839 1623 1910 quod
1663 1858 1818 1893 num-

70 1926 239 1980 quam
278 1914 444 1965 antea
482 1929 588 1966 usu
628 1915 857 1965 venerat
889 1913 997 1966 nisi
1034 1912 1327 1984 Olympiae
1363 1915 1691 1985 victoribuS,
1731 1935 1817 1970 co-

68 1985 222 2040 tonis
246 1984 451 2041 laureis
477 1987 789 2059 taeniisque
815 1989 982 2060 vulgo
1009 1990 1338 2045 donabatur.
1382 1992 1478 2046 ille
1517 1993 1815 2047 lacrimans

68 2061 240 2117 talem
282 2062 719 2119 benivolentiam
761 2065 966 2119 civium
1008 2085 1238 2121 suorum
1280 2069 1615 2140 accipiebat,
1657 2070 1814 2122 remi·

65 2137 288 2195 uincens
335 2139 563 2212 pristini
611 2142 883 2212 temporis
937 2144 1321 2199 acerbitatem.
1400 2150 1703 2217 postquam
1758 2148 1813 2199 in
1848 2162 1876 2201 4

67 2217 197 2271 astu
234 2215 404 2289 venit,
444 2218 704 2273 contione
746 2218 1016 2273 advocata
1049 2221 1129 2274 sic
1164 2221 1333 2275 verba
1365 2221 1515 2291 fecit,
1555 2226 1619 2275 ut
1652 2240 1815 2276 nemo

69 2290 190 2346 hm
231 2290 384 2349 ferus
431 2292 624 2366 fuerit,
674 2295 807 2366 quin
856 2296 974 2349 eius
1025 2298 1176 2351 casui
1234 2298 1587 2352 illacrimarit
1636 2298 1815 2352 inimi·

70 2382 306 2440 cumque
344 2370 414 2425 iis
454 2388 514 2426 se
556 2371 880 2442 ostenderit,
922 2391 1159 2444 quorum
1198 2393 1368 2445 opera
1401 2375 1586 2445 patria
1618 2374 1813 2445 pulsus

69 2439 130 2497 fu
304 2446 536 2518 proinde
576 2465 641 2504 ac
681 2448 729 2503 si
771 2448 915 2503 alius
957 2451 1225 2520 populus,
1267 2471 1376 2505 non
1420 2451 1514 2504 ille
1557 2451 1675 2522 ipse
1718 2451 1812 2522 qui

70 2521 192 2574 tum
270 2519 426 2595 ebat,
464 2542 593 2580 eum
633 2525 913 2598 sacrilegii
955 2526 1289 2581 damnasset.
1372 2527 1637 2581 restituta
1678 2546 1812 2601 ergo
1847 2545 1875 2584 5

68 2593 200 2650 huic
254 2601 388 2654 sunt
438 2600 661 2672 publice
719 2602 888 2672 bona,
954 2603 1241 2674 eidemque
1301 2604 1381 2657 illi
1439 2602 1812 2675 Eumolpidae

68 2669 387 2729 sacerdotes
425 2692 616 2733 rursus
657 2697 939 2734 resacrare
981 2684 1113 2733 sunt
1156 2681 1361 2749 coacti,
1411 2681 1506 2752 qui
1557 2699 1683 2735 eum
1724 2681 1811 2735 de·

66 2751 352 2833 ‘voverank
376 2749 631 2825 pilaeque
656 2754 802 2824 illae,
827 2755 884 2809 in
911 2756 1114 2826 quibus
1134 2756 1356 2810 devotio
1383 2756 1568 2811 fuerat
1586 2758 1812 2828 scripta,

65 2840 127 2879 m
165 2842 318 2879 mare
359 2827 775 2900 praecipitatae.

218 2899 372 2957 Haec
413 2902 692 2960 Alcibiadi
741 2907 960 2962 laetitia
1008 2928 1116 2962 non
1168 2910 1335 2964 nimis
1383 2910 1492 2964 fuit
1533 2912 1807 2963 diuturna.
1847 2911 1874 2961 ἰ’

0 2978 3 2981 ’
63 2991 196 3033 nam
237 2996 364 3034 cum
403 2978 454 3034 ei
489 2998 682 3036 omnes
715 2989 902 3038 essent
934 2985 1175 3040 honores
1210 2986 1416 3041 decreti
1453 2991 1683 3056 totaque
1722 3003 1808 3038 res
