2019 3310
133 131 205 182 4'2-
753 125 808 169 X.
842 122 1007 169 DION.
1060 127 1098 166 9.
1138 125 1205 166 10.

134 254 449 307 viderentur
489 250 688 304 venire.
746 248 785 300 ii
818 250 1047 318 propter
1079 243 1342 298 notitiam
1375 245 1504 296 sunt
1536 240 1861 295 intromissi.

77 342 102 383 4
138 334 195 382 at
234 329 384 381 illius
426 331 489 380 ut
528 327 700 378 limen
730 324 1023 392 intrarant,
1063 320 1276 374 foribus
1320 317 1592 370 obseratis
1625 317 1683 370 in
1714 317 1859 370 lecto

138 406 432 458 cubantem
472 401 763 469 invadunt,
820 398 1113 469 colligant:
1169 395 1235 447 fit
1276 393 1566 463 strepituS,
1622 392 1756 446 adeo
1798 394 1862 444 ut

77 493 103 534 5
139 479 382 534 exaudiri
431 479 622 547 posset
670 475 821 528 foris.
898 473 1014 542 hic,
1072 472 1215 525 sicut
1264 471 1392 522 ante
1442 486 1604 538 saepe
1653 467 1863 521 dictum

139 561 237 625 est,
281 572 446 624 quam
486 552 665 605 invisa
707 550 781 603 sit
823 548 1120 620 singularis
1162 544 1415 616 potentia
1455 546 1512 596 et
1551 543 1863 596 miseranda

138 632 275 700 vita,
326 629 419 699 qui
462 647 518 682 se
559 626 734 680 metui
776 644 942 694 quam
984 623 1158 676 amari
1199 621 1437 690 malunt,
1489 618 1660 673 cuivis
1702 617 1863 671 facile

78 721 105 760 6
141 706 428 759 intellectu
468 703 590 757 fuit.
653 720 890 771 namque
932 700 1015 752 illi
1057 698 1165 768 ipsi
1206 695 1479 765 custodeS,
1521 694 1567 747 si
1606 697 1866 764 prompta

138 782 376 835 fuissent
423 780 734 847 voluntate,
783 776 995 830 foribus
1047 773 1286 827 effractis
1338 788 1555 824 servare
1597 788 1721 823 eum
1773 787 1866 838 po-

139 858 401 925 tuissent,
460 854 640 924 quoad
695 853 779 906 illi
833 853 1070 905 inermes
1124 849 1299 902 telum
1353 846 1490 900 foris
1547 844 1866 917 flagitantes

139 933 324 986 vivum
382 931 659 984 tenebant.
742 928 828 981 cui
886 945 1010 980 cum
1067 926 1410 978 succurreret
1465 939 1659 990 nem0,
1715 919 1865 989 Lyco

143 1008 366 1078 quidam
402 1005 780 1075 Syracusanus
814 1021 912 1073 per
943 1001 1247 1054 fenestram
1281 998 1527 1070 gladium
1559 995 1725 1067 dedit,
1760 1013 1867 1065 quo

140 1083 289 1137 Dion
329 1081 653 1136 interfectus
697 1082 797 1132 est.

59 1160 124 1215 10
296 1156 562 1213 Confecta
604 1155 782 1224 caede,
824 1172 949 1207 cum
990 1149 1290 1204 multitudo
1331 1147 1543 1202 visendi
1577 1147 1760 1219 gratia
1792 1146 1870 1199 in-

143 1235 397 1303 troisset,
452 1232 704 1286 nonnulli
755 1231 823 1283 ab
874 1227 1064 1282 insciis
1112 1245 1213 1296 pro
1262 1223 1443 1279 noxiis
1493 1222 1871 1276 conciduntur.

143 1330 272 1364 nam
315 1309 479 1363 celeri
520 1325 740 1360 rumore
782 1305 980 1374 dilato,
1027 1302 1197 1356 Dioni
1246 1301 1359 1355 vim
1409 1299 1662 1368 allatam,
1709 1297 1873 1350 multi

146 1388 555 1453 concurrerant,
599 1383 797 1452 quibus
840 1381 951 1433 tale
992 1378 1206 1432 facinus
1248 1375 1595 1446 displicebat.
1658 1373 1699 1426 ii
1731 1372 1874 1426 falsa

148 1461 459 1531 suspicione
518 1459 668 1512 ducti
724 1458 1076 1510 immerentes
1133 1456 1197 1507 ut
1254 1451 1552 1505 sceleratos
1602 1448 1874 1504 occidunt.

86 1551 111 1591 2
146 1539 310 1590 huius
345 1537 409 1589 de
443 1538 622 1589 morte
655 1538 718 1587 ut
750 1533 936 1603 palam
976 1530 1187 1584 factum
1220 1531 1319 1597 est,
1360 1525 1693 1579 mirabiliter
1721 1524 1874 1595 vulgi

149 1616 366 1666 mutata
408 1615 493 1664 est
534 1611 808 1664 voluntas.
872 1625 1002 1660 nam
1045 1605 1138 1674 qui
1178 1604 1366 1657 vivum
1407 1620 1532 1655 eum
1572 1604 1870 1670 tyrannum

147 1689 485 1755 vocitarant,
539 1686 715 1740 eidem
762 1684 1122 1736 liberatorem
1163 1679 1377 1750 patriae
1419 1676 1749 1747 tyrannique
1792 1694 1874 1728 ex-

147 1765 429 1835 pulsorem
479 1761 890 1833 praedicabant.
972 1758 1050 1810 sic
1092 1755 1276 1809 subito
1331 1751 1710 1806 misericordia
1751 1751 1874 1804 odio

151 1842 513 1907 successerat,
568 1841 632 1891 ut
681 1854 806 1890 eum
854 1852 952 1888 suo
1004 1831 1270 1904 sanguine
1320 1830 1388 1883 ab
1439 1827 1782 1896 Acherunte,
1832 1826 1877 1879 si

91 1930 116 1970 3
150 1919 402 1986 possent,
457 1916 719 1983 cuperent
766 1911 1050 1965 redimere.
1129 1908 1317 1976 itaque
1370 1905 1428 1958 in
1466 1904 1602 1957 urbe
1645 1902 1879 1956 celeber-

152 1993 292 2044 rimo
326 1991 465 2059 loc0‚
508 1990 686 2042 elatus
720 1987 955 2058 publice,
991 1983 1229 2054 sepulcri
1255 1982 1614 2036 monumento
1642 1978 1878 2032 donatus

154 2071 251 2122 est.
332 2066 477 2118 diem
529 2065 669 2117 obiit
730 2063 950 2116 circiter
1008 2077 1179 2114 annos
1239 2055 1643 2128 quinquaginta
1699 2057 1881 2122 natuS,

155 2146 415 2213 quartum
456 2144 584 2210 post
627 2157 852 2208 annum,
903 2155 1068 2207 quam
1118 2154 1184 2189 ex
1223 2133 1606 2202 Peloponneso
1648 2130 1706 2183 in
1748 2127 1880 2183 Sici-

153 2220 287 2272 liam
328 2217 580 2272 redierat.

687 2473 790 2533 XI.
839 2466 1345 2532 IPHICRATES.

107 2597 131 2649 1
312 2594 621 2664 Iphicrates
663 2590 1022 2645 Atheniensis
1063 2607 1174 2642 non
1228 2592 1345 2639 tam
1387 2582 1764 2655 magnitudine
1806 2599 1885 2635 re·

162 2690 283 2725 rum
320 2674 600 2741 gestarum
637 2686 802 2738 quam
836 2664 1129 2734 disciplina
1162 2660 1394 2716 militari
1427 2659 1757 2713 nobilitatus
1785 2660 1884 2711 est.

164 2747 271 2800 fuit
321 2746 465 2798 enim
517 2745 643 2796 talis
694 2744 823 2812 dux,
871 2745 935 2795 ut
974 2758 1084 2793 non
1127 2738 1306 2792 solum
1348 2736 1548 2790 aetatis
1591 2752 1720 2789 suae
1761 2751 1885 2786 cum

165 2822 358 2892 primis
387 2823 815 2889 compararetur,
857 2816 952 2870 sed
983 2834 1051 2868 ne
1085 2814 1150 2868 de
1177 2812 1478 2866 maioribus
1504 2814 1640 2865 natu
1666 2808 1884 2879 quidem

104 2911 131 2952 2
167 2898 459 2967 quisquam
509 2896 950 2963 anteponeretur.
1031 2890 1267 2944 multum
1316 2906 1444 2941 vero
1497 2887 1555 2940 in
1605 2884 1753 2939 bello
1802 2886 1889 2937 est

167 2976 444 3041 versatuS,
502 2988 662 3039 saepe
713 2967 1043 3022 exercitibus
1092 2964 1355 3035 praefuit,
1405 2978 1679 3032 nusquam
1728 2958 1890 3030 culpa
