2019 3310
174 109 245 161 32
639 106 762 151 VIII.
795 104 1259 151 THRASYBULUS.
1310 113 1350 152 1.
1384 113 1426 152 2.

175 249 276 301 que
317 231 434 284 iure
477 249 574 283 suo
614 230 878 282 nonnulla
918 230 986 282 ab
1035 230 1367 300 imperatore
1417 231 1598 302 mileS,
1644 232 1883 302 plurima

173 325 300 360 vero
357 306 580 359 fortuna
633 305 875 358 vindicat
938 323 1102 374 seque
1157 305 1245 358 his
1301 306 1425 374 plus
1473 307 1710 361 valuisse
1758 326 1883 361 vere

113 396 139 435 5
172 385 359 451 potest
421 380 750 463 praedicare.
834 398 1011 433 verum
1073 380 1212 433 illud
1274 381 1882 451 magnificentissimum

171 457 379 510 factum
426 455 711 525 proprium
760 458 844 508 est
883 455 1228 525 Thrasybuli.
1306 474 1435 508 nam
1476 474 1599 510 cum
1651 459 1883 530 triginta

171 531 393 602 tyranni
440 530 742 600 praepositi
783 548 815 583 a
854 529 1301 584 Lacedaemoniis
1351 531 1616 584 servitute
1665 551 1883 604 oppres-

172 625 259 660 sas
303 609 554 659 tenerent
586 605 850 675 AthenaS,
891 606 1158 675 plurimos
1200 606 1361 676 civeS,
1402 606 1603 675 quibus
1643 607 1702 661 in
1735 609 1882 663 bello

170 685 421 751 parserat
474 681 724 750 fortuna,
786 682 991 750 partim
1046 681 1228 751 patria
1284 681 1624 751 expulissent
1677 684 1882 753 partim

169 756 593 826 interfecissent,
632 756 998 826 plurimorum
1037 757 1184 810 bona
1222 756 1508 826 publicata
1542 758 1687 811 inter
1719 777 1776 812 se
1809 759 1885 811 di·

169 832 453 901 visissent,
492 850 604 885 non
644 832 822 884 solum
861 832 1139 902 princePS,
1189 832 1281 885 sed
1322 832 1490 885 etiam
1531 833 1681 886 solus
1722 833 1882 888 initio

169 907 378 961 bellum
418 908 485 960 iis
525 906 738 960 indixit.

113 983 147 1036 2
322 982 429 1036 Hic
485 983 630 1035 enim
695 1000 818 1034 cum
880 981 1095 1050 Phylen
1158 982 1527 1054 confugisset,
1591 983 1735 1053 quod
1799 988 1884 1038 est

172 1059 460 1112 castellum
484 1055 564 1110 'in
611 1056 803 1110 Attica
851 1056 1307 1127 munitissimum,
1357 1076 1470 1111 non
1516 1058 1639 1128 plus
1688 1059 1885 1113 habuit

172 1152 356 1187 secum
397 1133 630 1204 triginta
669 1133 733 1185 de
776 1132 904 1185 suis.
962 1131 1068 1185 hoc
1107 1132 1331 1185 initium
1370 1132 1478 1186 fuit
1509 1133 1704 1187 salutis
1738 1133 1884 1188 Atti-

110 1223 136 1263 2
172 1227 376 1278 corum,
415 1209 520 1262 hoc
560 1208 729 1261 robur
770 1207 1047 1260 libertatis
1090 1207 1429 1261 clarissimae
1470 1208 1727 1263 civitatis.
1797 1228 1884 1263 ne·

172 1303 275 1354 que
323 1303 451 1338 vero
500 1283 591 1337 1116
638 1301 749 1336 11011
797 1285 1146 1352 contemptus
1196 1287 1281 1336 est
1327 1283 1506 1354 primo
1555 1302 1588 1337 a
1633 1285 1883 1354 tyrannis

172 1363 336 1429 atque
386 1360 500 1412 eius
551 1359 805 1412 solitudo.
887 1376 1025 1428 quae
1067 1358 1286 1428 quidem
1327 1377 1412 1412 res
1454 1361 1510 1412 et
1561 1358 1718 1427 [illis]
1762 1378 1886 1414 con-

171 1435 544 1488 temnentibus
596 1434 856 1504 perniciei
907 1437 961 1486 et
1012 1433 1182 1501 [huic]
1235 1435 1490 1504 despecto
1533 1435 1701 1488 saluti
1750 1434 1885 1489 fuit:

172 1511 375 1564 etenim
417 1511 542 1563 illos
577 1527 771 1580 segnes
808 1509 874 1561 ad
906 1509 1356 1580 persequendum,
1395 1509 1497 1563 hos
1531 1513 1715 1563 autem
1752 1514 1885 1564 tem·

111 1600 136 1638 3
170 1604 302 1655 pore
360 1585 426 1638 ad
484 1585 911 1653 comparandum
967 1584 1095 1637 dato
1152 1583 1285 1638 fecit
1339 1585 1695 1638 robustiores,
1776 1604 1882 1655 quo

171 1660 348 1731 magis
389 1664 744 1730 praeceptum
784 1659 920 1712 illud
954 1659 1200 1712 omnium
1232 1660 1291 1713 in
1323 1660 1521 1713 animis
1555 1678 1673 1713 esse
1707 1660 1885 1731 debet,

170 1736 308 1789 nihil
358 1735 414 1788 in
461 1736 607 1788 bello
659 1738 911 1804 oportere
961 1735 1260 1805 contemni,
1315 1753 1490 1805 neque
1547 1735 1664 1789 sine
1721 1754 1885 1789 causa

111 1825 138 1864 4
173 1811 373 1864 dicitur
414 1814 648 1863 matrem
688 1810 869 1863 timidi
910 1809 1039 1863 flere
1079 1829 1190 1863 non
1231 1811 1420 1864 solere.
1482 1828 1657 1880 neque
1699 1814 1885 1864 tamen

173 1905 272 1956 pro
316 1886 570 1955 opinione
611 1885 944 1955 Thrasybuli
986 1888 1179 1939 auctae
1221 1889 1350 1939 sunt
1389 1904 1543 1956 opes:
1598 1904 1726 1939 116111
1773 1887 1882 1939 iam

176 1963 340 2028 [tum]
391 1961 501 2014 illis
551 1962 894 2031 temporibus
943 1960 1143 2014 fortius
1191 1962 1323 2015 boni
1370 1979 1470 2031 pro
1512 1961 1770 2015 libertate
1809 1962 1884 2015 lo-

112 2051 137 2091 5
174 2038 484 2106 quebantur
519 2054 682 2105 quam
722 2037 1059 2108 pugnabant.
1122 2036 1251 2090 hinc
1283 2037 1341 2090 in
1372 2036 1628 2091 Piraeum
1661 2036 1885 2090 transiit

171 2111 619 2180 Munichiamque
662 2113 910 2165 munivit.
988 2111 1130 2165 hanc
1177 2113 1263 2166 bis
1305 2112 1525 2182 tyranni
1567 2129 1884 2183 oppugnare

174 2191 303 2241 sunt
358 2187 560 2256 adorti,
617 2188 684 2240 ab
743 2205 910 2256 eaque
967 2188 1204 2257 turpiter
1259 2187 1464 2258 repulsi
1519 2187 1772 2257 protinus
1828 2188 1884 2241 in

113 2278 138 2315 e
171 2264 366 2317 urbem
393 2262 559 2315 armis
585 2262 1101 2332 impedimentisque
1130 2263 1347 2316 amissis
1373 2261 1708 2334 refugerunt.
1752 2281 1882 2316 usus

174 2342 258 2392 est
297 2338 676 2407 Thrasybulus
724 2356 835 2391 non
884 2338 1063 2390 minus
1116 2338 1407 2407 prudentia
1454 2355 1619 2407 quam
1666 2337 1884 2392 fortitu-

174 2414 311 2466 dine.
374 2432 502 2467 nam
536 2413 787 2467 cedentes
822 2413 1016 2465 violari
1058 2414 1235 2466 vetuit
1276 2411 1444 2484 (cives
1486 2413 1632 2465 enim
1673 2413 1881 2469 civibus

172 2507 392 2558 parcere
434 2507 667 2559 aequum
709 2486 1005 2558 censebat),
1045 2506 1219 2557 neque
1262 2488 1553 2558 quisquam
1587 2492 1672 2542 est
1702 2489 1883 2543 vulne-

173 2569 324 2616 ratus
359 2564 465 2616 nisi
500 2565 593 2633 qui
626 2564 776 2634 prior
809 2564 1132 2634 impugnare
1160 2563 1349 2616 voluit.
1404 2564 1676 2618 neminem
1708 2565 1875 2619 166611

174 2643 286 2692 tem
327 2643 476 2691 veste
518 2640 792 2709 spoliavit,
832 2639 911 2692 nil
954 2638 1146 2709 attigit
1185 2638 1291 2691 nisi
1333 2657 1498 2709 arma,
1539 2658 1774 2709 quorum
1804 2640 1884 2693 in-

114 2728 139 2768 7
137 2713 412 2792 digebat,
454 2732 698 2784 quaeque
739 2715 806 2768 ad
846 2714 1052 2767 victum
1103 2714 1470 2783 pertinebant.
1547 2715 1605 2769 in
1645 2715 1881 2770 secundo

137 2765 383 2859 proelio
426 2790 620 2842 cecidit
659 2789 884 2859 Critias,
925 2790 1032 2843 dux
1072 2793 1459 2860 tyrannorum,
1499 2808 1623 2844 cum
1663 2790 1882 2860 quidem

175 2866 432 2919 adversus
473 2864 877 2935 Thrasybulum
917 2864 1219 2918 fortissime
1259 2869 1545 2937 pugnaret.

113 2940 147 2995 3
324 2939 444 2993 Hoc
485 2940 694 2994 deiecto
738 2941 1037 2994 Pausanias
1079 2940 1229 2993 venit
1268 2940 1474 2996 Atticis
1516 2940 1747 3012 auxillo,
1787 2959 1882 2995 rex
