2019 3310
185 102 255 155 96
685 99 851 144 xxiii.
886 98 1223 143 HANNIBAL.
1276 103 1345 146 12.
1382 103 1451 145 13.

185 226 304 297 gati
353 224 579 277 Prusiae
632 223 838 276 Romae
889 222 1034 291 apud
1082 221 1140 274 T.
1193 221 1484 285 Quintium
1532 222 1908 277 Flamininum

186 301 529 354 consularem
586 301 868 366 cenarent,
926 301 1091 366 atque
1140 297 1226 350 ‘ibi
1283 298 1347 351 de
1396 297 1710 353 Hannibale
1763 317 1909 352 men·

185 377 334 430 tione
375 375 526 428 facta
567 392 633 427 ex
671 374 739 426 iis
781 391 921 426 unus
964 373 1170 426 diceret
1212 391 1336 426 eum
1375 373 1435 425 in
1466 372 1695 428 Prusiae
1735 392 1907 446 regno

126 466 150 505 2
186 471 318 506 esse.
375 451 430 502 id
461 454 687 534 postero
715 448 800 502 die
825 447 1172 501 Flamininus
1207 448 1424 502 senatui
1449 449 1665 504 detulit.
1719 453 1907 519 patres

186 526 483 595 conscripti
560 525 655 594 qui
693 523 1007 577 Hannibale
1050 525 1173 577 vivo
1214 542 1519 609 numquam
1560 543 1617 578 se
1667 524 1783 579 sine
1830 526 1907 579 in-

186 602 338 656 sidiis
381 570 597 653 futiiros
641 599 1050 669 existimarent,
1091 600 1307 671 legatos
1350 599 1408 652 in
1446 599 1771 671 Bithyniam
1812 601 1909 653 mi-

186 680 398 746 serunt,
450 677 507 729 in
548 676 624 729 eis
667 675 1067 745 Flamininum,
1109 675 1203 745 qui
1245 676 1312 728 ab
1355 693 1485 747 rege
1524 679 1801 746 peterent,
1839 694 1908 729 ne
1988 694 1991 695 ⁷

184 752 629 806 inimicissimum
679 770 840 805 suum
889 769 1075 804 secum
1125 750 1358 804 haberet
1407 751 1622 821 sibique
1671 751 1906 805 dederet.

124 843 149 882 3
182 829 269 882 his
311 828 509 881 Prusia
548 845 751 899 negare
793 839 957 879 ausus
998 844 1110 879 non
1151 829 1259 897 est3
1314 826 1452 880 illud
1491 826 1790 898 recusavit,
1840 845 1908 880 ne

184 905 239 957 id
281 923 312 957 a
354 923 410 957 se
450 903 571 956 fieri
618 902 990 973 postularent,
1039 902 1185 970 quod
1233 901 1492 956 adversus
1541 903 1627 957 ius
1675 902 1908 972 hospitii

185 983 353 1034 esset:
410 980 541 1049 ipsi,
582 978 628 1031 si
668 981 919 1048 possent,
961 976 1509 1046 comprehenderent:
1564 979 1770 1044 locum,
1810 978 1908 1032 11111

186 1059 352 1125 esset,
401 1054 562 1108 facile
610 1053 945 1106 inventuros,
1025 1051 1306 1105 Hannibal
1349 1053 1494 1106 enim
1534 1072 1643 1107 uno
1684 1054 1806 1108 1000
1850 1072 1907 1107 80

186 1131 425 1201 tenebat,
458 1131 516 1183 in
551 1129 779 1183 castello
815 1129 961 1198 quod
995 1128 1045 1181 ei
1079 1146 1111 1181 a
1135 1146 1264 1199 rege
1298 1128 1489 1182 datum
1527 1132 1646 1182 erat
1679 1130 1908 1199 muneri,

184 1208 348 1276 idque
391 1207 469 1260 sic
512 1205 844 1274 aedificarat,
884 1208 948 1258 ut
986 1205 1045 1257 in
1086 1204 1342 1258 omnibus
1382 1204 1636 1275 partibus
1673 1204 1908 1258 aedificii

186 1284 365 1336 exitus
414 1283 667 1351 haberet,
718 1281 930 1334 scilicet
978 1298 1170 1334 verens
1217 1298 1286 1333 ne
1333 1299 1438 1333 usu
1477 1280 1713 1351 veniret,
1762 1280 1908 1351 quod

125 1373 154 1412 4
188 1359 402 1413 accidit.
495 1358 603 1412 11110
660 1376 784 1410 011111
840 1356 1014 1427 legati
1071 1355 1452 1409 Romanorum
1507 1356 1789 1410 venissent
1845 1374 1908 1410 ac

186 1434 541 1488 multitudine
599 1434 822 1486 domum
879 1433 994 1485 eius
1060 1432 1576 1503 circumdedissent,
1637 1450 1774 1502 puer
1838 1432 1906 1486 ab

184 1512 350 1564 ianua
389 1509 730 1580 prospiciens
772 1507 1074 1561 Hannibali
1115 1508 1255 1560 dixit
1301 1508 1486 1577 plures
1526 1511 1747 1578 praeter
1787 1526 1908 1562 0011-

188 1587 533 1640 suetudinem
583 1587 825 1637 armatos
877 1601 1155 1653 apparere.
1236 1583 1330 1653 qui
1377 1583 1673 1653 imperavit
1721 1583 1794 1653 ei,
1844 1586 1908 1636 ut

188 1681 374 1716 omnes
404 1661 562 1715 fores
606 1660 839 1713 aedificii
882 1658 1198 1712 circumiret
1239 1676 1301 1712 ac
1348 1677 1580 1729 propere
1629 1658 1737 1712 sibi
1775 1677 1908 1712 nun-

127 1754 152 1794 5
188 1740 377 1808 tiaret,
425 1756 558 1791 num
606 1736 797 1790 eodem
845 1736 1008 1788 modo
1050 1734 1291 1803 undique
1333 1734 1693 1789 obsideretur.
1772 1751 1909 1804 puer

189 1834 312 1868 cum
370 1813 640 1882 celeriter,
698 1811 828 1881 quid
875 1810 1126 1881 vidisset,
1182 1810 1555 1864 renuntiasset
1609 1827 1907 1879 omnesque

189 1891 367 1943 exitus
419 1891 714 1959 occupatos
765 1887 1120 1957 ostendisset,
1179 1886 1352 1940 sensit
1403 1886 1458 1939 id
1509 1904 1621 1939 non
1671 1885 1906 1939 fortuito

186 1966 412 2035 factum,
455 1965 549 2017 sed
592 1983 647 2017 se
689 1963 803 2033 peti
843 1981 1019 2033 neque
1061 1962 1168 2016 sibi
1209 1961 1415 2015 diutius
1456 1962 1630 2015 vitam
1670 1979 1789 2015 esse
1830 1979 1908 2014 re-

187 2042 484 2096 tinendam.
551 2059 714 2110 quam
746 2057 814 2092 ne
848 2039 1026 2092 alieno
1061 2038 1292 2091 arbitrio
1335 2037 1657 2108 dimitteret,
1697 2055 1909 2091 memor

187 2118 550 2188 pristinarum
598 2116 868 2168 virtutum
915 2133 1209 2184 venenum,
1262 2113 1407 2184 quod
1460 2131 1675 2184 semper
1723 2130 1909 2166 secum

187 2195 390 2247 habere
433 2194 740 2261 consuerat,
783 2191 1035 2260 sumpsit.

104 2272 169 2326 13
342 2267 432 2322 Sic
478 2268 562 2321 vir
609 2235 970 2335 fortissimus,
1023 2266 1213 2318 multis
1264 2265 1538 2334 variisque
1585 2262 1907 2334 perfunctus

188 2346 497 2415 laboribus,
539 2362 680 2398 anno
723 2310 999 2412 acquievit
1040 2342 1466 2413 septuagesimo.
1546 2339 1744 2409 quibus
1787 2357 1910 2393 con-

191 2422 401 2475 sulibus
472 2418 778 2488 interierit,
847 2436 959 2470 non
1023 2417 1291 2470 convenit.
1384 2433 1621 2484 namque
1685 2414 1908 2468 Atticus

189 2498 262 2550 M.
320 2496 548 2551 Claudio
606 2494 870 2548 Marcello
930 2492 991 2556 Q.
1048 2491 1222 2545 Fabio
1279 2490 1535 2544 Labeone
1592 2491 1908 2545 consulibus

191 2577 471 2626 mortuum
511 2573 569 2625 in
611 2571 795 2625 annali
836 2587 934 2623 suo
977 2568 1245 2637 scriptum
1278 2567 1517 2637 reliquit,
1559 2570 1617 2620 at
1645 2566 1910 2636 Polybius

192 2648 251 2702 L.
310 2648 548 2701 Aemilio
606 2647 776 2700 Paulo
836 2644 930 2700 Gn.
987 2643 1195 2697 Baebio
1253 2642 1568 2713 Tamphilo,
1634 2640 1910 2712 Sulpicius

192 2728 377 2778 autem
426 2723 617 2777 Blitho
667 2723 726 2776 P.
776 2720 1032 2776 Cornelio
1084 2717 1329 2790 Cethego
1379 2717 1452 2772 M
1492 2717 1702 2772 Baebio
1754 2717 1912 2770 Tam-

131 2815 156 2854 2
191 2800 360 2871 philo.
423 2803 588 2868 atque
622 2799 711 2852 hic
746 2801 935 2851 tantus
977 2796 1060 2849 vir
1101 2795 1382 2864 tantisque
1423 2793 1583 2847 bellis
1625 2793 1910 2847 districtus

191 2875 442 2929 nonnihil
477 2875 742 2944 temporis
778 2873 977 2926 tribuit
1010 2871 1228 2924 litteris.
1278 2889 1516 2956 namque
1549 2869 1763 2939 aliquot
1796 2867 1911 2920 eius

192 2952 319 3005 libri
365 2955 508 3015 sunt,
544 2950 752 3004 Graeco
790 2966 1039 3003 sermone
1076 2946 1330 3008 confecti,
1369 2947 1428 3000 in
1461 2945 1538 2999 eis
1572 2944 1640 2998 ad
1665 2942 1911 2997 Rhodios
