2019 3310
179 108 247 161 76
701 106 867 152 xvm.
900 105 1205 152 EUMENES.
1255 113 1296 153 8.
1330 113 1372 154 9.

173 234 399 302 pserant
437 249 548 284 non
580 230 648 284 ad
678 248 842 284 usum
880 229 1029 300 belli,
1068 230 1162 284 sed
1203 230 1272 283 ad
1310 230 1559 300 ipsorum
1597 231 1886 302 luxuriam,

115 321 142 359 4
174 308 446 378 longeque
493 306 639 359 inter
687 322 745 359 se
794 304 1174 360 discesserant.
1250 304 1356 359 hoc
1395 304 1712 377 Antigonus
1763 325 1885 361 cum

176 381 534 452 comperisset
574 379 1030 453 intellegeretque
1071 398 1128 434 se
1161 397 1352 450 parem
1382 398 1494 435 non
1525 399 1644 435 esse
1675 382 1885 452 paratis

175 456 525 524 adversariis,
574 456 774 509 statuit
823 455 1031 525 aliquid
1071 455 1180 509 sibi
1220 454 1438 509 consilii
1475 456 1605 509 novi
1645 474 1763 511 esse
1805 476 1886 511 ca-

173 531 446 602 piendum.
489 531 625 584 duae
666 534 823 584 erant
862 531 997 600 viae,
1039 549 1147 600 qua
1187 549 1253 584 ex
1284 528 1476 600 Medis,
1515 531 1612 584 ubi
1643 530 1736 585 ille
1775 531 1887 586 hie-

175 606 377 676 mabat,
419 606 486 660 ad
527 606 966 660 adversariorum
989 605 1347 660 hibernacula
1378 609 1569 676 posset
1599 606 1886 677 perveniri.

116 695 140 734 5
178 699 409 752 quarum
449 681 668 734 brevior
707 699 803 751 per
836 682 958 735 loca
990 681 1221 750 deserta,
1262 698 1399 750 quae
1423 698 1584 735 nemo
1609 681 1888 735 incolebat

173 760 402 827 propter
420 775 593 827 aquae
610 757 869 826 inopiam,
897 759 1139 810 ceterum
1165 756 1376 809 dierum
1398 760 1516 809 erat
1538 755 1652 810 fere
1677 757 1887 826 decem3

174 831 271 885 illa
311 835 511 900 autem,
553 850 661 902 qua
702 850 888 885 omnes
931 832 1328 901 commeabant,
1368 830 1542 885 altero
1583 835 1741 885 tanto
1773 832 1887 886 lon-

174 907 387 979 giorem
426 907 670 960 habebat
711 906 1036 976 anfractum,
1077 906 1172 960 sed
1213 909 1331 960 erat
1364 907 1588 977 copiosa
1620 907 1887 961 omnium-

115 995 140 1034 6
176 1001 278 1053 que
320 1000 503 1036 rerum
543 981 842 1035 abundans,
919 981 1022 1035 hac
1071 981 1118 1034 si
1165 981 1627 1053 proficisceretur,
1674 982 1888 1036 intelle-

174 1057 342 1129 gebat
396 1057 548 1128 prius
606 1057 945 1110 adversarios
1002 1055 1301 1110 rescituros
1358 1056 1423 1110 de
1478 1074 1578 1110 suo
1635 1057 1888 1127 adventu,

175 1150 340 1203 quam
377 1132 496 1203 ipse
529 1133 754 1186 tertiam
786 1135 1003 1203 partem
1036 1131 1364 1186 confecisset
1395 1130 1635 1203 itineris;
1675 1133 1760 1186 sin
1791 1151 1889 1202 per

173 1208 295 1262 loca
327 1208 446 1261 sola
472 1208 841 1278 contenderet,
873 1207 1133 1278 sperabat
1158 1225 1216 1261 se
1240 1205 1645 1277 imprudentem
1669 1206 1889 1261 hostem

115 1297 138 1335 7
175 1301 580 1354 oppressurum.
659 1282 726 1336 ad
780 1283 921 1337 hanc
976 1301 1093 1336 rem
1149 1281 1554 1337 conficiendam
1596 1282 1890 1353 imperavit

175 1376 340 1429 quam
387 1359 655 1429 plurimos
707 1362 859 1412 utres
901 1361 1067 1428 atque
1108 1358 1277 1412 etiam
1318 1357 1523 1412 culleos
1566 1358 1889 1428 comparari,

174 1438 303 1504 post
349 1434 484 1487 haec
531 1434 819 1504 pabulum,
874 1437 1159 1504 praeterea
1208 1433 1416 1488 cibaria
1469 1436 1627 1487 cocta
1678 1433 1890 1489 dierum

175 1509 383 1578 decem,
436 1512 500 1562 ut
541 1527 705 1579 quam
746 1509 970 1562 minime
1011 1508 1169 1563 fieret
1208 1509 1354 1580 ignis
1394 1509 1452 1561 in
1492 1509 1706 1562 castris
1783 1509 1891 1563 iter

175 1603 282 1654 quo
315 1584 534 1653 habeat,
568 1602 756 1638 omnes
783 1585 940 1638 celat.
989 1584 1067 1638 sic
1099 1587 1342 1654 paratuS,
1376 1601 1484 1653 qua
1509 1583 1889 1653 constituerat,

173 1659 556 1730 proficiscitur.

115 1735 147 1787 9
325 1733 629 1789 Dimidium
669 1733 783 1789 fere
824 1735 1065 1804 spatium
1104 1733 1428 1803 confecerat,
1468 1752 1592 1788 cum
1633 1753 1698 1789 ex
1737 1734 1888 1788 fumo

177 1814 484 1865 castrorum
518 1810 634 1863 eius
670 1809 909 1880 suspicio
945 1810 1115 1863 allata
1139 1813 1225 1864 est
1250 1809 1317 1863 ad
1340 1808 1645 1863 Eumenem
1669 1810 1889 1864 hostem

177 1885 630 1956 appropinquare.
673 1885 1004 1940 conveniunt
1036 1885 1223 1940 duces:
1265 1885 1563 1954 quaeritur,
1596 1885 1727 1955 quid
1752 1903 1889 1956 opus

177 1961 252 2014 sit
307 1960 470 2014 facto.
549 1961 948 2032 intellegebant
997 1979 1184 2014 omnes
1241 1963 1357 2013 tam
1406 1960 1655 2014 celeriter
1703 1961 1889 2031 copias

174 2037 422 2107 ipsorum
448 2036 698 2089 contrahi
723 2055 834 2089 non
865 2054 1044 2106 posse,
1075 2054 1240 2107 quam
1264 2035 1580 2107 Antigonus
1620 2035 1889 2089 affuturus

117 2126 143 2164 2
176 2112 479 2166 videbatur.
539 2111 629 2165 hic
664 2112 917 2164 omnibus
959 2111 1331 2165 titubantibus
1366 2115 1422 2164 et
1454 2111 1518 2164 de
1551 2111 1715 2165 rebus
1749 2129 1890 2164 sum-

179 2187 283 2240 mis
325 2186 743 2257 desperantibus
785 2185 1060 2240 Eumenes
1102 2187 1203 2255 ait,
1250 2187 1299 2240 si
1339 2187 1678 2241 celeritatem
1718 2186 1891 2239 velint

180 2262 439 2316 adhibere
482 2266 538 2316 et
577 2262 846 2332 imperata
886 2261 1087 2331 facere,
1135 2261 1281 2332 quod
1328 2265 1455 2316 ante
1494 2280 1605 2315 non
1644 2260 1890 2331 fecerint,

180 2355 236 2391 se
277 2356 392 2392 rem
433 2337 828 2407 expediturum.
906 2355 1032 2390 nam
1075 2337 1220 2407 quod
1271 2337 1368 2390 iter
1413 2336 1605 2390 diebus
1649 2336 1889 2407 quinque

177 2412 357 2466 hostis
400 2413 665 2466 transisse
706 2415 917 2482 posset,
967 2431 1022 2465 se
1065 2412 1384 2466 effecturum
1439 2415 1503 2464 ut
1549 2429 1660 2465 non
1708 2412 1888 2466 minus

180 2488 412 2540 totidem
447 2489 658 2542 dierum
684 2487 865 2558 spatio
891 2487 1285 2540 retardaretur:
1328 2504 1495 2556 quare
1521 2487 1888 2557 circumirent,

121 2576 146 2616 3
182 2580 307 2615 suas
352 2563 580 2632 quisque
623 2562 973 2616 contraheret
1014 2563 1214 2632 copias.
1286 2561 1352 2615 ad
1392 2561 1663 2635 Antigoni
1704 2566 1889 2616 autem

180 2637 563 2690 refrenandum
621 2639 889 2708 impetum
945 2637 1055 2690 tale
1113 2637 1261 2706 capit
1324 2637 1629 2692 consilium.
1709 2641 1886 2692 certos

180 2712 358 2765 mittit
411 2713 660 2766 homines
710 2714 776 2766 ad
831 2712 1049 2766 infimos
1098 2716 1337 2783 monteS,
1394 2713 1486 2782 qui
1535 2712 1683 2767 obvii
1732 2715 1888 2766 erant

180 2788 365 2840 itineri
409 2788 859 2857 adversariorum,
899 2788 1075 2857 iisque
1107 2788 1377 2857 praecipit
1408 2792 1472 2841 ut
1502 2788 1681 2859 prima
1710 2790 1887 2856 nocte,

181 2881 347 2932 quam
387 2862 657 2915 latissime
698 2864 930 2932 possint,
969 2863 1125 2934 ignes
1166 2862 1374 2916 faciant
1414 2881 1579 2933 quam
1620 2862 1886 2915 maximos

181 2941 346 3008 atque
386 2937 487 2990 hos
530 2939 765 2991 secunda
805 2937 996 3010 vigilia
1035 2938 1308 3007 minuant,
1355 2938 1524 2993 tertia
1560 2937 1886 3010 perexiguos
