2164 3358
673 118 797 166 XIV.
832 119 1146 166 DATAMES.
1190 125 1322 167 6—8.
1799 124 1872 177 53

16 275 24 289 r
117 246 305 303 fuerat
337 246 670 320 cogitatum,
709 246 766 301 id
808 246 876 300 ad
919 246 1159 301 salutem
1195 247 1488 300 convertit.
1553 266 1661 318 quo
1696 267 1875 320 neque

119 323 339 380 acutius
395 323 567 378 ullius
625 322 983 395 imperatoris
1038 323 1351 395 cogitatum
1409 342 1589 394 neque
1641 325 1875 381 celerius

118 400 333 456 factum
372 419 612 472 usquam
653 400 909 473 legimus,

272 477 364 533 Ab
405 477 513 533 hoc
554 482 745 532 tamen
786 476 906 530 viro
949 473 1188 547 SisinaS,
1243 478 1487 532 maximo
1530 482 1668 533 natu
1711 479 1875 551 filius,
1913 480 1943 534 7

118 554 320 611 desciit
369 555 438 610 ad
488 571 789 627 regemque
839 553 1070 606 transiit
1119 558 1176 607 et
1216 554 1282 608 de
1333 554 1644 610 defectione
1695 557 1874 626 patris

118 632 339 688 detulit.
421 651 530 703 quo
580 630 779 685 nuntio
821 629 1163 685 Artaxerxes
1207 636 1547 703 commotuS,
1601 633 1748 703 quod
1799 633 1877 688 in-

118 709 430 784 tellegebat
478 708 585 763 sibi
636 726 763 762 cum
812 707 932 761 viro
991 706 1128 761 forti
1179 727 1242 762 ac
1297 712 1525 763 strenuo
1583 710 1877 781 negotium

119 805 259 858 esse,
299 786 396 859 qui
436 788 496 840 et
534 784 689 855 prius
732 784 983 857 cogitare
1027 803 1196 855 quam
1231 786 1421 840 conari
1456 791 1783 841 consuesset
1815 791 1876 858 ct,

120 882 247 919 cum
271 861 597 935 cogitasset,
629 861 813 916 facere
848 861 1093 932 auderet,
1126 861 1619 934 Autophrodatem
1654 864 1711 917 in
1737 862 1875 935 Cap-

117 939 412 1014 padociam
461 938 658 993 mittit.
738 938 830 993 hic
879 957 948 993 ne
997 939 1210 994 intrare
1260 943 1478 1011 posset,
1533 941 1765 1011 saltum,
1818 942 1876 995 in
1909 954 1937 996 2

118 1035 230 1090 quo
265 1015 497 1073 Ciliciae
538 1020 734 1088 portae
778 1019 910 1070 sunt
953 1016 1110 1086 sitae,
1152 1015 1423 1071 Datames
1465 1036 1876 1089 praeoccupare

118 1093 352 1150 studuit.
432 1093 528 1148 sed
577 1098 695 1148 tam
750 1093 938 1147 subito
990 1094 1179 1164 copias
1231 1094 1561 1149 contrahere
1612 1114 1725 1149 non
1782 1114 1875 1166 po·
1909 1109 1937 1152 3

116 1171 246 1227 tuit.
328 1190 362 1226 a
411 1189 521 1242 qua
570 1189 629 1225 re
678 1170 943 1242 depulsus
995 1189 1121 1225 cum
1171 1189 1236 1226 ea
1286 1191 1476 1243 manu,
1532 1191 1700 1242 quam
1751 1191 1877 1227 con-

117 1251 395 1318 traxerat,
436 1247 623 1302 locum
666 1247 877 1320 delegit
919 1247 1119 1318 talem,
1160 1252 1225 1303 ut
1265 1268 1444 1319 noque
1487 1249 1877 1304 circumiretur

119 1327 189 1381 ab
238 1325 502 1381 hostibus
551 1344 731 1396 neque
783 1325 1120 1395 praeteriret
1170 1325 1545 1397 adversariuS,
1604 1327 1739 1397 quin
1786 1346 1877 1380 an-

119 1403 388 1475 cipitibus
430 1402 570 1457 locis
611 1405 976 1473 premeretur,
1018 1406 1097 1472 et,
1140 1403 1187 1456 si
1229 1403 1495 1457 dim1care
1537 1403 1723 1474 vellet,
1762 1423 1877 1458 non

119 1480 361 1536 multum
380 1479 577 1534 obesse
604 1479 909 1533 multitudo
936 1478 1187 1533 hostium
1207 1498 1339 1534 suae
1366 1480 1640 1551 paucitati
1666 1486 1875 1551 posset.
2026 1527 2029 1530 .

272 1555 428 1612 Haec
477 1556 584 1611 etsi
625 1556 1088 1627 Autophrodates
1138 1557 1388 1627 videbat,
1439 1561 1629 1611 tamen
1680 1559 1874 1612 statim
1911 1559 1942 1614 8

115 1634 314 1689 maluit
351 1633 617 1707 congredi
659 1652 827 1704 quam
870 1652 996 1688 cum
1039 1634 1215 1688 tantis
1258 1634 1435 1704 copiis
1479 1634 1733 1707 refugere
1777 1639 1876 1689 aut

118 1715 238 1767 tam
278 1711 373 1766 diu
414 1730 525 1766 uno
566 1711 691 1765 loco
734 1710 939 1765 sedere.
1019 1710 1270 1765 habebat
1311 1712 1682 1766 barbarorum
1725 1712 1874 1783 equi·
1908 1725 1936 1768 2

118 1792 241 1844 tum
275 1787 497 1862 viginti,
537 1787 790 1860 peditum
826 1791 1051 1842 centum
1094 1789 1265 1859 milia,
1309 1807 1448 1859 quos
1483 1789 1567 1842 illi
1595 1787 1873 1844 Cardacas

118 1865 432 1937 appellant,
484 1865 843 1936 eiusdemque
894 1865 1115 1937 generis
1159 1866 1268 1919 tria
1312 1866 1469 1919 milia
1509 1865 1876 1938 funditorum,

117 1945 411 2015 praeterea
435 1940 832 2014 Cappadocum
868 1947 995 1996 octo
1040 1942 1212 2013 milia,
1255 1942 1653 1997 Armeniorum
1684 1944 1874 1998 decem

118 2019 299 2091 milia,
348 2018 779 2093 Paphlagonum
823 2019 1068 2090 quinque
1119 2019 1299 2090 milia,
1348 2019 1641 2093 Phrygum
1683 2021 1873 2074 decem

117 2096 303 2168 milia,
343 2095 629 2168 Lydorum
671 2097 915 2168 quinque
959 2096 1138 2166 milia,
1178 2096 1595 2168 Aspendiorum
1638 2101 1694 2152 et
1736 2097 1873 2150 Pisi-

117 2173 315 2229 darum
356 2174 580 2229 circiter
620 2173 732 2228 tria
773 2173 952 2244 milia,
995 2172 1233 2229 Cilicum
1274 2174 1383 2228 duo
1427 2174 1606 2244 milia,
1649 2172 1871 2245 Captia-

115 2268 318 2307 norum
367 2250 630 2323 totidem,
683 2269 749 2305 ex
800 2249 1036 2305 Graecia
1087 2250 1489 2306 conductorum
1541 2251 1650 2304 tria
1700 2251 1872 2321 1111113,

117 2325 256 2384 levis
313 2332 631 2384 armaturae
690 2328 995 2382 maximum
1053 2347 1362 2382 numerum.
1443 2328 1544 2382 has
1604 2327 1869 2382 adversus
1903 2342 1932 2383 3

120 2403 308 2476 copias
357 2423 486 2478 spes
535 2406 717 2460 omnis
769 2404 1118 2460 consistebat
1159 2404 1390 2459 Datami
1439 2405 1498 2458 in
1539 2423 1598 2458 se
1652 2404 1871 2475 locique

118 2483 322 2536 natura
376 2501 618 2554 namque
658 2482 823 2537 huius
866 2486 1084 2553 partem
1119 2501 1231 2537 non
1265 2482 1513 2536 habebat
1547 2481 1871 2536 vicesimam

120 2555 366 2613 militum
393 2601 406 2614 .
493 2560 697 2631 quibus
756 2558 934 2614 fretus
995 2559 1248 2614 conflixit
1313 2558 1871 2630 adversariorumque

119 2632 299 2688 multa
338 2635 495 2690 milia
534 2636 794 2706 concidit,
836 2655 962 2691 cum
1004 2637 1070 2691 de
1113 2636 1288 2708 ipsius
1332 2636 1579 2690 exercitu
1613 2654 1726 2690 non
1760 2655 1871 2689 am-

116 2710 265 2782 plius
322 2708 612 2769 hominum
668 2680 822 2768 1111110
880 2713 1189 2768 cecidisset.
1283 2731 1452 2783 quam
1509 2713 1580 2767 ob
1643 2731 1868 2767 causam

115 2790 345 2859 postero
387 2787 475 2843 dje
515 2792 811 2861 tropaeum
852 2791 1059 2861 posuit,
1101 2809 1211 2861 quo
1254 2789 1378 2844 loco
1428 2789 1606 2860 pridie
1659 2808 1868 2862 pugna-

115 2867 239 2920 tum
286 2867 423 2920 erat.
501 2863 632 2921 hinc
680 2885 807 2922 cum
857 2871 1044 2922 castra
1094 2866 1365 2921 movisset
1411 2885 1740 2938 semperque
1792 2867 1868 2918 in-
1902 2878 1929 2918 4

113 2939 288 2998 ferior
312 2941 489 3014 copiis
515 2942 770 3013 superior
803 2944 1063 2998 omnibus
1099 2943 1327 3015 proeliis
1362 2943 1686 3012 discederet,
1721 2941 1866 3011 quod

110 3035 421 3092 numquam
479 3036 708 3074 manum
763 3024 1104 3092 consereret,
1161 3020 1271 3075 nisi
1328 3038 1455 3076 cum
1515 3018 1867 3075 adversarios
