2164 3358
586 153 687 201 XV.
722 154 1197 202 EPAMlNONDAS.
1249 162 1384 202 2-4.
1790 162 1860 214 :37

107 280 342 338 cebatur
379 280 685 352 plurimum
720 282 990 337 currendo
1025 285 1084 336 et
1116 282 1380 337 luctando
1417 283 1485 337 ad
1519 302 1645 338 eum
1678 285 1863 356 finem,

109 356 294 430 quoad
343 361 500 412 stans
551 358 849 430 complecti
906 362 1101 429 posset
1151 362 1319 429 atque
1374 360 1724 416 contendere.
1805 363 1862 416 in

109 433 281 489 armis
323 452 455 489 vero
497 435 802 506 plurimum
844 435 1016 489 studii
1059 436 1441 491 consumebat.

263 509 351 565 Ad
398 510 543 566 hanc
592 511 842 583 corporis
896 510 1225 566 firmitatem
1267 514 1430 583 plura
1471 515 1642 568 etiam
1687 516 1860 569 animi
1896 518 1929 571 3

110 588 258 644 bona
290 592 658 643 accesserant.
710 591 833 642 erat
858 588 1007 641 enim
1034 589 1338 660 modestus,
1372 591 1630 662 prudens,
1656 593 1861 665 graviS,

110 664 462 752 temporibus
496 665 779 736 sapienter
813 667 992 735 utens,
1033 666 1248 735 peritus
1283 667 1435 737 belli,
1477 668 1642 722 fortis
1680 688 1862 740 manu,

109 743 298 797 animo
346 741 614 812 maximo,
671 741 808 796 adeo
865 741 1122 796 veritatis
1182 743 1445 815 diligens,
1502 749 1567 798 ut
1616 765 1683 799 ne
1738 747 1861 801 ioco

109 819 335 891 quidem
377 818 724 873 mentiretur.
796 818 944 872 idem
986 819 1294 887 continens,
1336 821 1578 875 clemens
1620 824 1862 892 patiens·
1897 840 1923 877 ⁸2

110 913 218 968 que
267 894 652 950 admirandum
701 895 760 948 in
809 895 1059 966 modum,
1111 915 1223 950 non
1266 897 1448 951 solum
1498 900 1718 970 populi,
1768 900 1862 954 sed

107 972 282 1028 etiam
322 971 632 1026 amicorum
672 971 856 1026 ferens
907 972 1163 1044 iniurias,
1213 974 1271 1027 in
1319 975 1518 1045 primis
1561 977 1864 1031 commissa

108 1048 320 1120 celans,
377 1048 624 1120 quodque
679 1049 961 1103 interdum
1010 1069 1121 1104 non
1172 1051 1356 1105 minus
1415 1052 1645 1122 prodest
1695 1072 1863 1124 quam

107 1125 316 1181 diserte
358 1125 558 1196 dicere,
600 1125 884 1180 studiosus
927 1126 1209 1181 audiendi.
1262 1146 1327 1181 ex
1369 1127 1476 1182 hoc
1519 1130 1666 1183 enim
1709 1131 1863 1184 faci]-

106 1202 241 1258 lime
282 1201 422 1257 disci
464 1203 863 1257 arbitrabatur.
945 1203 1135 1275 itaque
1179 1223 1303 1259 cum
1355 1205 1410 1258 in
1463 1206 1734 1260 circulum
1778 1226 1863 1260 ve·
1897 1222 1923 1261 3

106 1279 310 1350 nisset,
357 1279 416 1334 in
466 1298 575 1351 quo
618 1284 716 1334 aut
757 1280 822 1334 de
865 1298 923 1334 re
964 1281 1191 1351 publiea
1233 1282 1617 1352 disputaretur
1659 1290 1756 1337 aut
1798 1284 1863 1337 de

106 1355 470 1429 philosophia
525 1374 708 1411 sermo
757 1357 1086 1429 haberetur,
1150 1377 1454 1429 numquam
1524 1360 1649 1413 inde
1708 1361 1862 1431 prius

108 1432 385 1505 discessit,
427 1451 595 1504 quam
637 1433 704 1487 ad
746 1434 913 1488 finem
956 1453 1139 1489 sermo
1182 1440 1331 1489 esset
1373 1437 1661 1490 adductus
1733 1457 1864 1508 pau-
1897 1452 1925 1491 4

107 1513 389 1582 pertatem
430 1510 567 1565 adeo
609 1509 773 1565 facile
814 1530 1113 1582 perpessus
1156 1516 1265 1583 est,
1319 1516 1383 1566 ut
1431 1513 1496 1566 de
1539 1532 1596 1566 re
1639 1514 1865 1584 publiea

106 1586 249 1641 nihil
290 1590 515 1658 praeter
555 1587 796 1660 gloriam
830 1589 1055 1659 ceperit.
1126 1589 1435 1644 amicorum
1471 1590 1526 1642 in
1563 1610 1620 1644 se
1656 1590 1863 1645 tuendo

107 1663 293 1719 caruit
346 1662 739 1735 facultatibus,
796 1664 902 1719 fide
952 1665 1019 1718 ad
1071 1666 1211 1720 alios
1270 1667 1643 1720 sublevandos
1699 1686 1863 1738 saepe

108 1740 189 1795 sic
229 1759 365 1795 usus
407 1744 517 1812 est,
564 1744 629 1795 ut
678 1741 910 1796 iudicari
953 1743 1136 1813 possit
1177 1744 1365 1797 omnia
1407 1745 1455 1796 ei
1500 1763 1624 1797 eum
1669 1745 1863 1799 amicis

109 1815 281 1872 fuisse
330 1818 662 1873 communia.
742 1837 874 1872 nam
917 1837 1042 1874 cum
1086 1824 1183 1873 aut
1232 1820 1436 1874 civium
1489 1839 1716 1874 suorum
1769 1821 1863 1874 ali-
1899 1836 1925 1876 5

109 1894 235 1965 quis
268 1894 339 1949 ab
379 1894 642 1949 hostibus
677 1899 826 1950 esset
860 1900 1057 1966 captus
1086 1901 1183 1950 aut
1210 1898 1368 1970 virgo
1396 1897 1604 1951 nubilis
1632 1902 1864 1969 propter

108 1974 501 2043 paupertatem
527 1971 791 2027 collocari
825 1992 939 2027 non
976 1978 1183 2044 posset,
1225 1975 1535 2029 amicorum
1562 1975 1859 2028 concilium

107 2047 357 2103 habebat
395 2051 476 2120 et,
524 2053 797 2120 quantum
840 2049 1076 2120 quisque
1118 2051 1299 2120 daret,
1349 2070 1451 2121 pro
1494 2051 1861 2105 facultatibus

106 2123 439 2197 imperabat.
499 2144 732 2197 eamque
761 2145 1037 2181 summam
1065 2146 1190 2181 cum
1219 2127 1442 2198 fecerat,
1475 2129 1664 2199 potius
1695 2147 1861 2198 quam
1897 2143 1922 2182 6

107 2202 218 2272 ipse
257 2202 539 2273 acciperet
579 2203 896 2288 pecuniam,
946 2203 1257 2259 adducebat
1298 2223 1450 2275 eum,
1500 2206 1592 2275 qui
1639 2223 1862 2274 quaere-

109 2278 223 2350 bat,
263 2278 332 2333 ad
365 2296 477 2350 eoa,
519 2280 612 2350 qui
650 2280 1028 2351 conferebant,
1069 2282 1229 2352 eique
1264 2285 1328 2335 ut
1361 2282 1468 2352 ipsi
1503 2286 1864 2335 numerarent

109 2351 369 2427 faciebat,
408 2359 474 2410 ut
514 2356 625 2427 ille,
667 2356 734 2410 ad
778 2376 943 2427 quem
985 2375 1050 2412 ea
1093 2359 1229 2426 [res]
1274 2358 1650 2428 perveniebat,
1693 2359 1863 2411 sciret

111 2434 383 2501 quantum
425 2432 625 2504 cuique
666 2433 908 2488 deberet.

260 2505 502 2564 Tentata
542 2513 732 2564 autem
767 2511 885 2565 eius
920 2515 1008 2565 est
1041 2512 1385 2566 abstinentia
1421 2532 1452 2564 a
1488 2510 1860 2567 Diomedonte
1895 2513 1931 2567 4

111 2579 410 2654 Cyziceno.
449 2604 691 2673 namque
734 2587 781 2642 is
824 2593 1026 2661 rogatu
1071 2589 1401 2643 Artaxerxis
1446 2589 1592 2661 regis
1635 2589 1859 2659 Epami-

107 2659 352 2715 nondam
376 2664 611 2733 pecunia
637 2665 1104 2737 corrumpendum
1133 2669 1471 2736 susceperat.
1532 2666 1621 2719 hic
1658 2685 1861 2739 magno

109 2754 235 2791 cum
293 2737 533 2808 pondere
590 2741 709 2795 auri
759 2740 982 2796 Thebas
1041 2743 1193 2796 venit
1250 2746 1306 2795 et
1361 2741 1674 2813 Micythum
1735 2743 1863 2796 adu-

106 2811 501 2886 lescentulum,
553 2834 717 2886 quem
767 2822 888 2872 tum
929 2818 1350 2890 Epaminondas
1395 2819 1700 2889 plurimum
1743 2819 1862 2873 dili-

0 2943 2 2946 ,
105 2890 294 3021 ἔξω,
335 2890 578 2962 quinque
620 2893 849 2949 talentis
893 2895 960 2949 ad
1002 2915 1161 2949 suain
1204 2895 1464 2966 perduxit
1494 2896 1859 2949 voluntatem.

102 2966 515 3099 Βῑὲὲῗέἒηῗῖἕ
519 2968 817 3100 ἶῗιῗὲἒῑΐῗ
820 2989 1058 3103 ”2:3²3
1062 2973 1449 3103 ἳῗῖἓιέἔαὲἶῗῗ
1454 2973 1652 3103 3¹3²..ssss
1663 2975 1858 3100 ‘5:312ssss
1895 3061 1920 3100 2
