2019 3310
156 151 193 199 4
713 145 748 188 1.
789 142 1130 188 mrmnns.
1178 147 1219 186 3.
1253 147 1294 187 4.

156 270 213 323 in
258 269 362 322 hoc
409 268 518 320 fuit
563 271 681 320 tum
728 283 954 318 numero
994 264 1271 318 Miltiades
1315 263 1426 330 [0111
1470 264 1568 318 illa
1607 263 1854 318 custodia

99 359 125 396 3
160 345 505 409 crederetur]
559 342 664 410 hic,
705 358 827 393 cum
860 339 1035 393 crebri
1068 339 1325 392 afferrent
1354 339 1534 392 nuntii
1565 338 1705 392 male
1737 357 1854 392 rem

159 437 342 490 gerere
369 417 597 470 Darium
629 414 910 484 premique
943 433 975 467 a
1001 413 1237 483 Scythis,
1267 413 1521 466 hortatus
1555 416 1639 466 est
1667 413 1853 483 pontis

160 493 433 561 custodeS,
478 509 545 543 ne
587 508 618 542 a
656 489 878 542 fortuna
925 489 1110 542 datam
1159 488 1499 542 occasionem
1544 487 1853 541 liberandae

100 582 127 619 4
162 567 420 621 Graeciae
471 565 825 618 dimitterent.
903 582 1030 617 nam
1078 564 1124 617 si
1173 582 1296 616 cum
1349 563 1417 615 iis
1469 562 1667 631 copiiS,
1721 580 1854 631 quas

161 661 342 696 secum
367 642 787 710 transportarat,
811 638 1093 692 interisset
1118 637 1332 707 Darius,
1355 656 1467 691 non
1491 635 1669 691 solum
1684 635 1856 690 Euro-

158 736 286 787 pam
324 715 440 769 fore
480 718 676 783 tutam,
716 713 810 767 sed
850 714 1016 766 etiam
1048 731 1157 782 eOS,
1199 713 1291 782 qui
1320 682 1517 765 Asiam
1556 711 1857 765 incolerent

161 791 355 845 Graeci
388 807 599 861 genere,
630 789 834 841 liberos
861 807 892 841 a
917 787 1207 841 Persarum
1239 787 1454 840 futuros
1488 785 1857 840 dominatione

161 870 216 920 et
254 865 510 935 periculo.
564 864 619 916 id
651 863 810 916 facile
844 862 985 916 effici
1025 880 1209 932 posse:
1248 865 1415 932 ponte
1448 861 1593 915 enim
1625 861 1856 915 rescisso

161 958 347 1012 regem
387 940 471 992 vel
510 938 754 991 hostium
793 937 938 990 ferro
979 937 1062 990 vel
1103 937 1288 1006 inopia
1326 937 1512 1006 paucis
1552 935 1743 989 diebus
1782 935 1859 988 111-

104 1028 127 1068 5
163 1016 469 1069 teriturum.
527 1013 594 1066 ad
625 1013 730 1066 hoc
763 1012 1051 1065 consilium
1091 1030 1214 1064 cum
1252 1011 1496 1081 plerique
1530 1011 1859 1079 accederent,

161 1090 454 1144 Hestiaeus
488 1087 749 1155 Milesius,
781 1104 848 1139 ne
881 1104 966 1138 res
1000 1085 1372 1155 conficeretur,
1405 1085 1639 1155 obstitit,
1675 1085 1857 1139 dicens

161 1183 272 1218 non
310 1165 453 1216 idem
493 1162 652 1231 ipsis,
704 1161 797 1230 qui
838 1178 1078 1213 summas
1124 1160 1341 1230 imperii
1379 1163 1660 1230 tenerent,
1707 1178 1860 1230 expe·

164 1241 276 1293 dire
326 1242 381 1291 et
428 1235 791 1304 multitudini,
841 1235 984 1304 quod
1024 1234 1180 1287 Darii
1226 1251 1395 1306 regno
1442 1234 1688 1304 ipsorum
1725 1234 1862 1287 nite·

163 1318 315 1368 retur
339 1312 663 1366 dominatio:
697 1329 803 1380 quo
830 1310 1100 1364 exstincto
1133 1310 1283 1378 ipsos
1307 1312 1582 1379 potestate
1607 1309 1861 1379 expulsos

166 1389 373 1443 civibus
408 1387 519 1440 suis
559 1404 761 1455 poenas
803 1385 1040 1438 daturos.
1097 1385 1282 1453 itaque
1314 1384 1448 1437 adeo
1481 1402 1538 1437 se
1570 1384 1862 1438 abhorrere

166 1483 197 1516 a
230 1467 535 1516 ceterorum
570 1461 813 1528 consilio,
852 1463 915 1512 ut
947 1459 1083 1512 nihil
1116 1462 1275 1528 putet
1306 1459 1441 1528 ipsis
1472 1459 1665 1513 utilius
1699 1476 1863 1528 quam

108 1552 132 1590 6
168 1537 478 1592 confirmari
521 1553 749 1606 regnum
789 1504 1094 1587 Persarum.
1167 1533 1330 1586 huius
1371 1552 1494 1587 cum
1534 1534 1863 1587 sententiam

165 1613 387 1684 plurimi
444 1614 625 1664 essent
679 1610 881 1677 secuti,
935 1609 1212 1662 Miltiades
1267 1626 1377 1662 non
1438 1608 1693 1662 dubitans
1748 1612 1862 1661 tam

167 1688 355 1741 multis
397 1686 627 1740 consciis
662 1685 728 1737 ad
762 1653 906 1755 regis
940 1702 1097 1737 aures
1131 1683 1360 1736 consilia
1392 1701 1492 1736 sua
1521 1686 1864 1753 perventura

167 1762 565 1817 Chersonesum
614 1760 837 1828 reliquit
884 1777 945 1812 ac
993 1776 1181 1812 rursus
1229 1758 1475 1811 Athenas
1523 1757 1864 1829 demigravit

168 1838 320 1891 cuius
369 1837 510 1889 ratio
560 1835 664 1888 etsi
710 1853 820 1887 non
867 1834 1061 1903 valuit,
1114 1838 1299 1886 tamen
1338 1850 1537 1903 magno
1579 1851 1740 1903 opere
1780 1836 1866 1886 est

167 1912 457 1979 laudanda,
505 1929 626 1964 cum
675 1910 900 1963 amicior
948 1910 1191 1962 omnium
1238 1908 1485 1961 libertati
1532 1926 1696 1978 quam
1736 1926 1863 1962 suae

168 1987 336 2040 fuerit
375 1985 748 2038 dominationi.

103 2063 137 2115 4
319 2060 518 2114 Darius
561 2064 757 2127 autem,
798 2077 920 2112 cum
953 2077 1017 2111 ex
1049 2057 1272 2128 Europa
1307 2060 1363 2112 in
1396 2058 1587 2112 Asiam
1620 2058 1866 2126 redisset,

168 2137 520 2190 hortantibus
570 2135 781 2202 amicis,
835 2138 898 2186 ut
946 2132 1233 2186 Graeciam
1285 2134 1555 2205 redigeret
1608 2133 1665 2187 in
1711 2150 1863 2186 suam

170 2215 518 2295 potestatem,
560 2210 788 2262 classem
823 2209 1242 2279 quingentarum
1275 2208 1495 2262 navium
1528 2207 1867 2277 comparavit

171 2287 325 2355 eique
365 2285 554 2338 Datim
594 2284 854 2354 praefecit
894 2287 949 2336 et
981 2283 1382 2351 Artaphernem
1421 2283 1595 2352 iisque
1635 2281 1866 2335 ducenta

172 2362 437 2429 peditum,
489 2361 673 2413 decem
722 2359 965 2427 equitum
1016 2358 1167 2410 milia
1214 2357 1383 2426 dedit,
1438 2374 1654 2410 causam
1703 2357 1867 2410 inter-

174 2453 355 2487 serens
413 2453 469 2488 se
523 2435 739 2488 hostem
799 2451 915 2486 esse
971 2432 1422 2501 AtheniensibuS,
1477 2431 1618 2501 quod
1679 2450 1866 2485 eorum

175 2510 374 2562 auxilio
428 2510 584 2562 Iones
640 2509 824 2562 Sardis
881 2511 1284 2578 expugnassent
1338 2525 1542 2576 suaque
1597 2506 1868 2576 praesidia

115 2597 142 2636 2
173 2585 589 2636 interfecissent.
652 2584 732 2636 illi
782 2582 1041 2652 praefecti
1091 2582 1225 2652 regii
1267 2583 1439 2634 classe
1480 2582 1544 2634 ad
1586 2580 1866 2636 Euboeam

176 2659 403 2727 appulsa
460 2659 708 2710 celeriter
759 2657 1032 2711 Eretriam
1089 2660 1348 2725 ceperunt
1403 2674 1698 2726 omnesque
1752 2656 1868 2710 eius

174 2733 354 2803 gentis
403 2734 544 2785 cives
595 2734 851 2802 abreptos
898 2733 953 2784 in
1002 2731 1192 2784 Asiam
1242 2731 1307 2783 ad
1355 2749 1538 2802 regem
1586 2731 1868 2786 miserunt.

173 2807 297 2860 inde
346 2806 411 2859 ad
452 2808 694 2859 Atticam
745 2809 1090 2860 accesserunt
1138 2824 1199 2859 ac
1243 2824 1368 2859 suas
1409 2807 1593 2876 copias
1633 2806 1690 2859 in
1728 2823 1868 2860 cam-

174 2900 304 2951 pum
345 2881 669 2934 Marathona
720 2882 1069 2934 deduxerunt.
1140 2881 1186 2932 is
1228 2881 1384 2934 abest
1424 2881 1491 2933 ab
1532 2880 1732 2951 oppido
1772 2879 1867 2933 cir-

117 2969 142 3009 8
178 2957 313 3010 citer
353 2956 503 3009 milia
544 2975 800 3025 passuum
842 2956 1040 3008 decem.
1096 2955 1198 3008 hoc
1232 2956 1474 3010 tumultu
1505 2954 1869 3009 Athenienses
