<?xml version="1.0" encoding="UTF-8"?>
<!DOCTYPE html PUBLIC "-//W3C//DTD XHTML 1.0 Transitional//EN"
    "http://www.w3.org/TR/xhtml1/DTD/xhtml1-transitional.dtd">
<html xmlns="http://www.w3.org/1999/xhtml" xml:lang="en" lang="en">
 <head>
  <title>
</title>
<meta http-equiv="Content-Type" content="text/html;charset=utf-8" />
  <meta name='ocr-system' content='tesseract 3.04.00' />
  <meta name='ocr-capabilities' content='ocr_page ocr_carea ocr_par ocr_line ocrx_word'/>
</head>
<body>
  <div class='ocr_page' id='page_1' title='image "./vitaenep00nepouoft_0099.png"; bbox 0 0 2164 3358; ppageno 0'>
   <div class='ocr_carea' id='block_1_1' title="bbox 637 87 1861 148">
    <p class='ocr_par' dir='ltr' id='par_1_1' title="bbox 637 87 1861 148">
     <span class='ocr_line' id='line_1_1' title="bbox 637 87 1861 148; baseline -0.007 0"><span class='ocrx_word' id='word_1_1' title='bbox 637 100 784 148; x_wconf 82' lang='lat' dir='ltr'><strong>xxn.</strong></span> <span class='ocrx_word' id='word_1_2' title='bbox 817 95 1164 145; x_wconf 79' lang='lat' dir='ltr'><strong>HAMILCAR.</strong></span> <span class='ocrx_word' id='word_1_3' title='bbox 1218 99 1257 140; x_wconf 90' lang='lat'><strong>1.</strong></span> <span class='ocrx_word' id='word_1_4' title='bbox 1292 98 1333 139; x_wconf 76' lang='lat'><strong>2.</strong></span> <span class='ocrx_word' id='word_1_5' title='bbox 1791 87 1861 142; x_wconf 74' lang='grc'><strong>87</strong></span> 
     </span>
    </p>
   </div>
   <div class='ocr_carea' id='block_1_2' title="bbox 118 215 1866 448">
    <p class='ocr_par' dir='ltr' id='par_1_2' title="bbox 118 215 1866 448">
     <span class='ocr_line' id='line_1_2' title="bbox 118 215 1866 294; baseline -0.015 -3"><span class='ocrx_word' id='word_1_6' title='bbox 118 229 534 292; x_wconf 86' lang='lat' dir='ltr'><strong>incommodum</strong></span> <span class='ocrx_word' id='word_1_7' title='bbox 583 227 802 282; x_wconf 78' lang='lat' dir='ltr'><strong>videtur</strong></span> <span class='ocrx_word' id='word_1_8' title='bbox 852 242 965 279; x_wconf 93' lang='lat' dir='ltr'><strong>non</strong></span> <span class='ocrx_word' id='word_1_9' title='bbox 1021 219 1327 294; x_wconf 90' lang='lat' dir='ltr'><strong>praeterire</strong></span> <span class='ocrx_word' id='word_1_10' title='bbox 1376 215 1757 271; x_wconf 85' lang='lat' dir='ltr'>Hamilcarem</span> <span class='ocrx_word' id='word_1_11' title='bbox 1810 216 1866 267; x_wconf 89' lang='lat' dir='ltr'><strong>et</strong></span> 
     </span>
     <span class='ocr_line' id='line_1_3' title="bbox 119 291 1865 377; baseline -0.014 -10"><span class='ocrx_word' id='word_1_12' title='bbox 119 308 512 377; x_wconf 85' lang='lat' dir='ltr'><strong>Hannibalem,</strong></span> <span class='ocrx_word' id='word_1_13' title='bbox 554 323 693 377; x_wconf 90' lang='lat' dir='ltr'><strong>quos</strong></span> <span class='ocrx_word' id='word_1_14' title='bbox 735 307 793 358; x_wconf 90' lang='lat' dir='ltr'><strong>et</strong></span> <span class='ocrx_word' id='word_1_15' title='bbox 833 298 1005 356; x_wconf 87' lang='lat' dir='ltr'><strong>animi</strong></span> <span class='ocrx_word' id='word_1_16' title='bbox 1047 294 1433 369; x_wconf 71' lang='lat' dir='ltr'>magnitudine</span> <span class='ocrx_word' id='word_1_17' title='bbox 1467 296 1524 348; x_wconf 90' lang='lat' dir='ltr'><strong>et</strong></span> <span class='ocrx_word' id='word_1_18' title='bbox 1558 291 1865 347; x_wconf 86' lang='lat' dir='ltr'><strong>calliditate</strong></span> 
     </span>
     <span class='ocr_line' id='line_1_4' title="bbox 120 373 1530 448; baseline -0.016 -3"><span class='ocrx_word' id='word_1_19' title='bbox 120 404 316 445; x_wconf 86' lang='lat' dir='ltr'><strong>omnes</strong></span> <span class='ocrx_word' id='word_1_20' title='bbox 356 386 416 441; x_wconf 89' lang='lat' dir='ltr'><strong>in</strong></span> <span class='ocrx_word' id='word_1_21' title='bbox 455 382 649 439; x_wconf 85' lang='lat' dir='ltr'><strong>Africa</strong></span> <span class='ocrx_word' id='word_1_22' title='bbox 688 383 854 437; x_wconf 90' lang='lat' dir='ltr'><strong>natos</strong></span> <span class='ocrx_word' id='word_1_23' title='bbox 895 374 1249 448; x_wconf 73' lang='lat' dir='ltr'><strong>praestitisse</strong></span> <span class='ocrx_word' id='word_1_24' title='bbox 1292 373 1530 428; x_wconf 88' lang='lat' dir='ltr'><strong>constat.</strong></span> 
     </span>
    </p>
   </div>
   <div class='ocr_carea' id='block_1_3' title="bbox 814 528 1179 539">
    <p class='ocr_par' dir='ltr' id='par_1_3' title="bbox 814 528 1179 539">
     <span class='ocr_line' id='line_1_5' title="bbox 814 528 1179 539; baseline 0 2819"><span class='ocrx_word' id='word_1_25' title='bbox 814 528 1179 539; x_wconf 95' lang='lat' dir='ltr'><strong> </strong></span> 
     </span>
    </p>
   </div>
   <div class='ocr_carea' id='block_1_4' title="bbox 653 636 1347 704">
    <p class='ocr_par' dir='ltr' id='par_1_4' title="bbox 653 636 1347 704">
     <span class='ocr_line' id='line_1_6' title="bbox 653 636 1347 704; baseline -0.012 0"><span class='ocrx_word' id='word_1_26' title='bbox 653 641 847 704; x_wconf 86' lang='lat' dir='ltr'>XXII.</span> <span class='ocrx_word' id='word_1_27' title='bbox 897 636 1347 700; x_wconf 84' lang='lat' dir='ltr'>HAMILCAR.</span> 
     </span>
    </p>
   </div>
   <div class='ocr_carea' id='block_1_5' title="bbox 127 748 1966 3072">
    <p class='ocr_par' dir='ltr' id='par_1_5' title="bbox 127 748 1952 2902">
     <span class='ocr_line' id='line_1_7' title="bbox 278 748 1937 837; baseline -0.014 -11"><span class='ocrx_word' id='word_1_28' title='bbox 278 766 581 837; x_wconf 75' lang='lat' dir='ltr'><strong>Hamilcar,</strong></span> <span class='ocrx_word' id='word_1_29' title='bbox 604 760 941 818; x_wconf 72' lang='lat' dir='ltr'><strong>Hannibalis</strong></span> <span class='ocrx_word' id='word_1_30' title='bbox 968 758 1134 829; x_wconf 89' lang='lat' dir='ltr'><strong>filius,</strong></span> <span class='ocrx_word' id='word_1_31' title='bbox 1162 754 1493 830; x_wconf 84' lang='lat' dir='ltr'><strong>cognomine</strong></span> <span class='ocrx_word' id='word_1_32' title='bbox 1515 753 1710 822; x_wconf 86' lang='lat' dir='ltr'><strong>Barca,</strong></span> <span class='ocrx_word' id='word_1_33' title='bbox 1736 748 1873 805; x_wconf 88' lang='lat' dir='ltr'><strong>Kar·</strong></span> <span class='ocrx_word' id='word_1_34' title='bbox 1910 750 1937 803; x_wconf 90' lang='lat'>1</span> 
     </span>
     <span class='ocr_line' id='line_1_8' title="bbox 127 830 1874 922; baseline -0.014 -17"><span class='ocrx_word' id='word_1_35' title='bbox 127 843 514 922; x_wconf 72' lang='lat' dir='ltr'><strong>thaginiensiS,</strong></span> <span class='ocrx_word' id='word_1_36' title='bbox 553 840 735 913; x_wconf 88' lang='lat' dir='ltr'><strong>primo</strong></span> <span class='ocrx_word' id='word_1_37' title='bbox 770 837 1012 893; x_wconf 91' lang='lat' dir='ltr'><strong>Poenico</strong></span> <span class='ocrx_word' id='word_1_38' title='bbox 1055 834 1221 905; x_wconf 79' lang='lat' dir='ltr'><strong>bello,</strong></span> <span class='ocrx_word' id='word_1_39' title='bbox 1262 833 1358 888; x_wconf 92' lang='lat' dir='ltr'><strong>sed</strong></span> <span class='ocrx_word' id='word_1_40' title='bbox 1399 830 1747 902; x_wconf 73' lang='lat' dir='ltr'><strong>temporibus</strong></span> <span class='ocrx_word' id='word_1_41' title='bbox 1787 846 1874 882; x_wconf 86' lang='lat' dir='ltr'><strong>ex-</strong></span> 
     </span>
     <span class='ocr_line' id='line_1_9' title="bbox 127 907 1873 995; baseline -0.014 -12"><span class='ocrx_word' id='word_1_42' title='bbox 127 924 348 995; x_wconf 85' lang='lat' dir='ltr'><strong>tremis,</strong></span> <span class='ocrx_word' id='word_1_43' title='bbox 403 918 702 976; x_wconf 84' lang='lat' dir='ltr'><strong>admodum</strong></span> <span class='ocrx_word' id='word_1_44' title='bbox 752 912 1202 970; x_wconf 83' lang='lat' dir='ltr'><strong>adulescentulus</strong></span> <span class='ocrx_word' id='word_1_45' title='bbox 1256 910 1315 964; x_wconf 91' lang='lat' dir='ltr'><strong>in</strong></span> <span class='ocrx_word' id='word_1_46' title='bbox 1365 907 1557 964; x_wconf 80' lang='lat' dir='ltr'><strong>Sicilia</strong></span> <span class='ocrx_word' id='word_1_47' title='bbox 1616 922 1873 978; x_wconf 85' lang='lat' dir='ltr'><strong>praeesse</strong></span> 
     </span>
     <span class='ocr_line' id='line_1_10' title="bbox 128 982 1937 1074; baseline -0.014 -15"><span class='ocrx_word' id='word_1_48' title='bbox 128 1000 315 1074; x_wconf 87' lang='lat' dir='ltr'><strong>coepit</strong></span> <span class='ocrx_word' id='word_1_49' title='bbox 354 995 638 1053; x_wconf 85' lang='lat' dir='ltr'><strong>exercitui.</strong></span> <span class='ocrx_word' id='word_1_50' title='bbox 699 1012 825 1049; x_wconf 93' lang='lat' dir='ltr'><strong>cum</strong></span> <span class='ocrx_word' id='word_1_51' title='bbox 867 995 997 1046; x_wconf 89' lang='lat' dir='ltr'><strong>ante</strong></span> <span class='ocrx_word' id='word_1_52' title='bbox 1040 990 1157 1044; x_wconf 91' lang='lat' dir='ltr'><strong>eius</strong></span> <span class='ocrx_word' id='word_1_53' title='bbox 1201 987 1503 1042; x_wconf 87' lang='lat' dir='ltr'><strong>adventum</strong></span> <span class='ocrx_word' id='word_1_54' title='bbox 1545 987 1602 1038; x_wconf 89' lang='lat' dir='ltr'><strong>et</strong></span> <span class='ocrx_word' id='word_1_55' title='bbox 1643 982 1784 1037; x_wconf 87' lang='lat' dir='ltr'><strong>mari</strong></span> <span class='ocrx_word' id='word_1_56' title='bbox 1819 984 1875 1034; x_wconf 88' lang='lat' dir='ltr'><strong>et</strong></span> <span class='ocrx_word' id='word_1_57' title='bbox 1911 993 1937 1033; x_wconf 80' lang='lat'>2</span> 
     </span>
     <span class='ocr_line' id='line_1_11' title="bbox 129 1057 1878 1145; baseline -0.014 -10"><span class='ocrx_word' id='word_1_58' title='bbox 129 1084 281 1136; x_wconf 87' lang='lat' dir='ltr'><strong>terra</strong></span> <span class='ocrx_word' id='word_1_59' title='bbox 321 1074 467 1131; x_wconf 89' lang='lat' dir='ltr'><strong>male</strong></span> <span class='ocrx_word' id='word_1_60' title='bbox 509 1091 597 1128; x_wconf 91' lang='lat' dir='ltr'><strong>res</strong></span> <span class='ocrx_word' id='word_1_61' title='bbox 639 1073 968 1145; x_wconf 79' lang='lat' dir='ltr'><strong>gererentur</strong></span> <span class='ocrx_word' id='word_1_62' title='bbox 1001 1063 1578 1138; x_wconf 73' lang='lat' dir='ltr'><strong>Karthaginiensium,</strong></span> <span class='ocrx_word' id='word_1_63' title='bbox 1619 1060 1739 1132; x_wconf 90' lang='lat' dir='ltr'><strong>ipse</strong></span> <span class='ocrx_word' id='word_1_64' title='bbox 1780 1057 1878 1112; x_wconf 91' lang='lat' dir='ltr'><strong>ubi</strong></span> 
     </span>
     <span class='ocr_line' id='line_1_12' title="bbox 130 1135 1877 1226; baseline -0.014 -14"><span class='ocrx_word' id='word_1_65' title='bbox 130 1156 315 1226; x_wconf 83' lang='lat' dir='ltr'><strong>affuit,</strong></span> <span class='ocrx_word' id='word_1_66' title='bbox 369 1167 678 1222; x_wconf 85' lang='lat' dir='ltr'><strong>numquam</strong></span> <span class='ocrx_word' id='word_1_67' title='bbox 733 1146 887 1202; x_wconf 89' lang='lat' dir='ltr'><strong>hosti</strong></span> <span class='ocrx_word' id='word_1_68' title='bbox 938 1144 1107 1200; x_wconf 86' lang='lat' dir='ltr'><strong>cessit</strong></span> <span class='ocrx_word' id='word_1_69' title='bbox 1173 1160 1350 1212; x_wconf 92' lang='lat' dir='ltr'><strong>neque</strong></span> <span class='ocrx_word' id='word_1_70' title='bbox 1408 1141 1594 1194; x_wconf 89' lang='lat' dir='ltr'><strong>locum</strong></span> <span class='ocrx_word' id='word_1_71' title='bbox 1642 1135 1877 1192; x_wconf 92' lang='lat' dir='ltr'><strong>nocendi</strong></span> 
     </span>
     <span class='ocr_line' id='line_1_13' title="bbox 131 1212 1880 1304; baseline -0.014 -14"><span class='ocrx_word' id='word_1_72' title='bbox 131 1233 308 1304; x_wconf 84' lang='lat' dir='ltr'><strong>dedit,</strong></span> <span class='ocrx_word' id='word_1_73' title='bbox 360 1245 633 1300; x_wconf 81' lang='lat' dir='ltr'><strong>saepeque</strong></span> <span class='ocrx_word' id='word_1_74' title='bbox 675 1243 704 1280; x_wconf 91' lang='lat' dir='ltr'><strong>e</strong></span> <span class='ocrx_word' id='word_1_75' title='bbox 747 1222 1029 1279; x_wconf 88' lang='lat' dir='ltr'><strong>contrario</strong></span> <span class='ocrx_word' id='word_1_76' title='bbox 1080 1219 1370 1275; x_wconf 85' lang='lat' dir='ltr'><strong>occasione</strong></span> <span class='ocrx_word' id='word_1_77' title='bbox 1414 1217 1545 1271; x_wconf 90' lang='lat' dir='ltr'><strong>data</strong></span> <span class='ocrx_word' id='word_1_78' title='bbox 1594 1212 1880 1269; x_wconf 84' lang='lat' dir='ltr'><strong>lacessivit</strong></span> 
     </span>
     <span class='ocr_line' id='line_1_14' title="bbox 133 1295 1879 1381; baseline -0.013 -15"><span class='ocrx_word' id='word_1_79' title='bbox 133 1324 461 1381; x_wconf 84' lang='lat' dir='ltr'><strong>semperque</strong></span> <span class='ocrx_word' id='word_1_80' title='bbox 504 1302 758 1375; x_wconf 90' lang='lat' dir='ltr'><strong>superior</strong></span> <span class='ocrx_word' id='word_1_81' title='bbox 798 1299 1073 1355; x_wconf 88' lang='lat' dir='ltr'><strong>discessit.</strong></span> <span class='ocrx_word' id='word_1_82' title='bbox 1155 1316 1263 1368; x_wconf 90' lang='lat' dir='ltr'><strong>quo</strong></span> <span class='ocrx_word' id='word_1_83' title='bbox 1313 1295 1488 1365; x_wconf 88' lang='lat' dir='ltr'><strong>facto,</strong></span> <span class='ocrx_word' id='word_1_84' title='bbox 1538 1311 1663 1347; x_wconf 91' lang='lat' dir='ltr'><strong>cum</strong></span> <span class='ocrx_word' id='word_1_85' title='bbox 1705 1307 1879 1361; x_wconf 90' lang='lat' dir='ltr'><strong>paene</strong></span> 
     </span>
     <span class='ocr_line' id='line_1_15' title="bbox 134 1365 1881 1443; baseline -0.013 0"><span class='ocrx_word' id='word_1_86' title='bbox 134 1386 325 1443; x_wconf 87' lang='lat' dir='ltr'><strong>omnia</strong></span> <span class='ocrx_word' id='word_1_87' title='bbox 379 1384 438 1438; x_wconf 92' lang='lat' dir='ltr'><strong>in</strong></span> <span class='ocrx_word' id='word_1_88' title='bbox 488 1379 682 1437; x_wconf 89' lang='lat' dir='ltr'><strong>Sicilia</strong></span> <span class='ocrx_word' id='word_1_89' title='bbox 730 1377 903 1432; x_wconf 91' lang='lat' dir='ltr'><strong>Poeni</strong></span> <span class='ocrx_word' id='word_1_90' title='bbox 961 1373 1306 1443; x_wconf 89' lang='lat' dir='ltr'><strong>amisissent,</strong></span> <span class='ocrx_word' id='word_1_91' title='bbox 1363 1371 1457 1425; x_wconf 91' lang='lat' dir='ltr'><strong>ille</strong></span> <span class='ocrx_word' id='word_1_92' title='bbox 1506 1369 1747 1440; x_wconf 80' lang='lat' dir='ltr'><strong>Erycem</strong></span> <span class='ocrx_word' id='word_1_93' title='bbox 1802 1365 1881 1420; x_wconf 91' lang='lat' dir='ltr'><strong>sic</strong></span> 
     </span>
     <span class='ocr_line' id='line_1_16' title="bbox 134 1445 1882 1532; baseline -0.014 -12"><span class='ocrx_word' id='word_1_94' title='bbox 134 1461 406 1532; x_wconf 84' lang='lat' dir='ltr'><strong>defendit,</strong></span> <span class='ocrx_word' id='word_1_95' title='bbox 459 1462 526 1514; x_wconf 90' lang='lat' dir='ltr'><strong>ut</strong></span> <span class='ocrx_word' id='word_1_96' title='bbox 579 1456 790 1511; x_wconf 92' lang='lat' dir='ltr'><strong>bellum</strong></span> <span class='ocrx_word' id='word_1_97' title='bbox 841 1473 903 1509; x_wconf 90' lang='lat' dir='ltr'><strong>eo</strong></span> <span class='ocrx_word' id='word_1_98' title='bbox 961 1453 1085 1507; x_wconf 93' lang='lat' dir='ltr'><strong>loco</strong></span> <span class='ocrx_word' id='word_1_99' title='bbox 1144 1453 1368 1524; x_wconf 89' lang='lat' dir='ltr'><strong>gestum</strong></span> <span class='ocrx_word' id='word_1_100' title='bbox 1423 1465 1537 1501; x_wconf 90' lang='lat' dir='ltr'><strong>non</strong></span> <span class='ocrx_word' id='word_1_101' title='bbox 1585 1445 1882 1499; x_wconf 82' lang='lat' dir='ltr'><strong>videretur.</strong></span> 
     </span>
     <span class='ocr_line' id='line_1_17' title="bbox 134 1521 1943 1606; baseline -0.013 -10"><span class='ocrx_word' id='word_1_102' title='bbox 134 1539 363 1598; x_wconf 84' lang='lat' dir='ltr'><strong>interim</strong></span> <span class='ocrx_word' id='word_1_103' title='bbox 404 1533 906 1606; x_wconf 85' lang='lat' dir='ltr'><strong>Karthaginienses</strong></span> <span class='ocrx_word' id='word_1_104' title='bbox 958 1530 1134 1585; x_wconf 90' lang='lat' dir='ltr'><strong>classe</strong></span> <span class='ocrx_word' id='word_1_105' title='bbox 1183 1526 1329 1598; x_wconf 87' lang='lat' dir='ltr'><strong>apud</strong></span> <span class='ocrx_word' id='word_1_106' title='bbox 1377 1524 1590 1578; x_wconf 89' lang='lat' dir='ltr'><strong>insulas</strong></span> <span class='ocrx_word' id='word_1_107' title='bbox 1634 1521 1881 1594; x_wconf 86' lang='lat' dir='ltr'><strong>Aegates</strong></span> <span class='ocrx_word' id='word_1_108' title='bbox 1916 1532 1943 1572; x_wconf 84' lang='lat'><strong>3</strong></span> 
     </span>
     <span class='ocr_line' id='line_1_18' title="bbox 135 1599 1886 1685; baseline -0.014 -11"><span class='ocrx_word' id='word_1_109' title='bbox 135 1638 170 1674; x_wconf 90' lang='lat' dir='ltr'><strong>a</strong></span> <span class='ocrx_word' id='word_1_110' title='bbox 194 1615 255 1674; x_wconf 84' lang='lat' dir='ltr'><strong>G.</strong></span> <span class='ocrx_word' id='word_1_111' title='bbox 279 1613 528 1685; x_wconf 89' lang='lat' dir='ltr'><strong>Lutati0‚</strong></span> <span class='ocrx_word' id='word_1_112' title='bbox 569 1609 794 1666; x_wconf 89' lang='lat' dir='ltr'><strong>consule</strong></span> <span class='ocrx_word' id='word_1_113' title='bbox 830 1608 1228 1675; x_wconf 85' lang='lat' dir='ltr'><strong>Romanorum,</strong></span> <span class='ocrx_word' id='word_1_114' title='bbox 1271 1601 1520 1673; x_wconf 90' lang='lat' dir='ltr'><strong>superati</strong></span> <span class='ocrx_word' id='word_1_115' title='bbox 1564 1599 1886 1654; x_wconf 86' lang='lat' dir='ltr'><strong>statuerunt</strong></span> 
     </span>
     <span class='ocr_line' id='line_1_19' title="bbox 135 1676 1887 1756; baseline -0.014 -6"><span class='ocrx_word' id='word_1_116' title='bbox 135 1693 273 1750; x_wconf 91' lang='lat' dir='ltr'><strong>belli</strong></span> <span class='ocrx_word' id='word_1_117' title='bbox 319 1691 503 1747; x_wconf 86' lang='lat' dir='ltr'><strong>facere</strong></span> <span class='ocrx_word' id='word_1_118' title='bbox 549 1688 717 1743; x_wconf 87' lang='lat' dir='ltr'><strong>finem</strong></span> <span class='ocrx_word' id='word_1_119' title='bbox 767 1703 1001 1756; x_wconf 87' lang='lat' dir='ltr'><strong>eamque</strong></span> <span class='ocrx_word' id='word_1_120' title='bbox 1051 1701 1168 1737; x_wconf 91' lang='lat' dir='ltr'><strong>rem</strong></span> <span class='ocrx_word' id='word_1_121' title='bbox 1220 1678 1455 1735; x_wconf 87' lang='lat' dir='ltr'><strong>arbitrio</strong></span> <span class='ocrx_word' id='word_1_122' title='bbox 1509 1676 1887 1749; x_wconf 88' lang='lat' dir='ltr'><strong>permiserunt</strong></span> 
     </span>
     <span class='ocr_line' id='line_1_20' title="bbox 137 1752 1887 1833; baseline -0.014 -5"><span class='ocrx_word' id='word_1_123' title='bbox 137 1767 493 1828; x_wconf 86' lang='lat' dir='ltr'><strong>Hamilcaris.</strong></span> <span class='ocrx_word' id='word_1_124' title='bbox 586 1765 682 1819; x_wconf 90' lang='lat' dir='ltr'><strong>ille</strong></span> <span class='ocrx_word' id='word_1_125' title='bbox 740 1764 848 1818; x_wconf 89' lang='lat' dir='ltr'><strong>etsi</strong></span> <span class='ocrx_word' id='word_1_126' title='bbox 912 1760 1193 1833; x_wconf 84' lang='lat' dir='ltr'><strong>flagrabat</strong></span> <span class='ocrx_word' id='word_1_127' title='bbox 1257 1754 1502 1811; x_wconf 89' lang='lat' dir='ltr'><strong>bellandi</strong></span> <span class='ocrx_word' id='word_1_128' title='bbox 1563 1752 1887 1824; x_wconf 87' lang='lat' dir='ltr'><strong>cupiditate,</strong></span> 
     </span>
     <span class='ocr_line' id='line_1_21' title="bbox 139 1830 1888 1918; baseline -0.013 -14"><span class='ocrx_word' id='word_1_129' title='bbox 139 1853 331 1904; x_wconf 89' lang='lat' dir='ltr'><strong>tamen</strong></span> <span class='ocrx_word' id='word_1_130' title='bbox 385 1842 510 1918; x_wconf 91' lang='lat' dir='ltr'><strong>paci</strong></span> <span class='ocrx_word' id='word_1_131' title='bbox 566 1840 922 1897; x_wconf 86' lang='lat' dir='ltr'><strong>serviundum</strong></span> <span class='ocrx_word' id='word_1_132' title='bbox 980 1836 1229 1910; x_wconf 80' lang='lat' dir='ltr'><strong>putavit,</strong></span> <span class='ocrx_word' id='word_1_133' title='bbox 1295 1833 1443 1904; x_wconf 90' lang='lat' dir='ltr'><strong>quod</strong></span> <span class='ocrx_word' id='word_1_134' title='bbox 1500 1830 1744 1903; x_wconf 90' lang='lat' dir='ltr'><strong>patriam</strong></span> <span class='ocrx_word' id='word_1_135' title='bbox 1802 1847 1888 1882; x_wconf 83' lang='lat' dir='ltr'><strong>ex-</strong></span> 
     </span>
     <span class='ocr_line' id='line_1_22' title="bbox 140 1906 1886 1991; baseline -0.013 -10"><span class='ocrx_word' id='word_1_136' title='bbox 140 1926 401 1981; x_wconf 85' lang='lat' dir='ltr'><strong>haustam</strong></span> <span class='ocrx_word' id='word_1_137' title='bbox 444 1919 762 1991; x_wconf 89' lang='lat' dir='ltr'><strong>sumptibus</strong></span> <span class='ocrx_word' id='word_1_138' title='bbox 805 1915 1014 1971; x_wconf 91' lang='lat' dir='ltr'><strong>diutius</strong></span> <span class='ocrx_word' id='word_1_139' title='bbox 1050 1911 1401 1968; x_wconf 86' lang='lat' dir='ltr'><strong>calamitates</strong></span> <span class='ocrx_word' id='word_1_140' title='bbox 1434 1909 1568 1963; x_wconf 92' lang='lat' dir='ltr'><strong>belli</strong></span> <span class='ocrx_word' id='word_1_141' title='bbox 1602 1906 1747 1962; x_wconf 88' lang='lat' dir='ltr'><strong>ferre</strong></span> <span class='ocrx_word' id='word_1_142' title='bbox 1776 1923 1886 1959; x_wconf 91' lang='lat' dir='ltr'><strong>non</strong></span> 
     </span>
     <span class='ocr_line' id='line_1_23' title="bbox 141 1984 1950 2075; baseline -0.013 -17"><span class='ocrx_word' id='word_1_143' title='bbox 141 2019 309 2075; x_wconf 87' lang='lat' dir='ltr'><strong>posse</strong></span> <span class='ocrx_word' id='word_1_144' title='bbox 349 1997 734 2070; x_wconf 86' lang='lat' dir='ltr'><strong>intellegebat,</strong></span> <span class='ocrx_word' id='word_1_145' title='bbox 775 1993 871 2049; x_wconf 92' lang='lat' dir='ltr'><strong>sed</strong></span> <span class='ocrx_word' id='word_1_146' title='bbox 911 1993 994 2046; x_wconf 86' lang='lat' dir='ltr'><strong>ita</strong></span> <span class='ocrx_word' id='word_1_147' title='bbox 1041 1995 1106 2046; x_wconf 87' lang='lat' dir='ltr'><strong>ut</strong></span> <span class='ocrx_word' id='word_1_148' title='bbox 1163 1988 1359 2042; x_wconf 86' lang='lat' dir='ltr'><strong>statim</strong></span> <span class='ocrx_word' id='word_1_149' title='bbox 1401 1989 1587 2040; x_wconf 91' lang='lat' dir='ltr'><strong>mente</strong></span> <span class='ocrx_word' id='word_1_150' title='bbox 1631 1984 1889 2056; x_wconf 83' lang='lat' dir='ltr'><strong>agitaret,</strong></span> <span class='ocrx_word' id='word_1_151' title='bbox 1921 1995 1950 2035; x_wconf 79' lang='grc'>4</span> 
     </span>
     <span class='ocr_line' id='line_1_24' title="bbox 143 2063 1887 2150; baseline -0.013 -16"><span class='ocrx_word' id='word_1_152' title='bbox 143 2080 191 2135; x_wconf 89' lang='lat' dir='ltr'><strong>si</strong></span> <span class='ocrx_word' id='word_1_153' title='bbox 233 2076 462 2150; x_wconf 90' lang='lat' dir='ltr'><strong>paulum</strong></span> <span class='ocrx_word' id='word_1_154' title='bbox 503 2073 668 2129; x_wconf 92' lang='lat' dir='ltr'><strong>modo</strong></span> <span class='ocrx_word' id='word_1_155' title='bbox 711 2090 799 2126; x_wconf 91' lang='lat' dir='ltr'><strong>res</strong></span> <span class='ocrx_word' id='word_1_156' title='bbox 842 2073 1031 2125; x_wconf 89' lang='lat' dir='ltr'><strong>essent</strong></span> <span class='ocrx_word' id='word_1_157' title='bbox 1070 2066 1328 2136; x_wconf 87' lang='lat' dir='ltr'><strong>refectae,</strong></span> <span class='ocrx_word' id='word_1_158' title='bbox 1368 2063 1580 2118; x_wconf 88' lang='lat' dir='ltr'><strong>bellum</strong></span> <span class='ocrx_word' id='word_1_159' title='bbox 1622 2076 1887 2115; x_wconf 85' lang='lat' dir='ltr'><strong>renovare</strong></span> 
     </span>
     <span class='ocr_line' id='line_1_25' title="bbox 143 2135 1890 2222; baseline -0.013 -11"><span class='ocrx_word' id='word_1_160' title='bbox 143 2156 542 2222; x_wconf 84' lang='lat' dir='ltr'><strong>Romanosque</strong></span> <span class='ocrx_word' id='word_1_161' title='bbox 582 2150 754 2205; x_wconf 85' lang='lat' dir='ltr'><strong>armis</strong></span> <span class='ocrx_word' id='word_1_162' title='bbox 796 2145 1079 2220; x_wconf 89' lang='lat' dir='ltr'><strong>persequi,</strong></span> <span class='ocrx_word' id='word_1_163' title='bbox 1122 2143 1383 2198; x_wconf 83' lang='lat' dir='ltr'><strong>donicum</strong></span> <span class='ocrx_word' id='word_1_164' title='bbox 1425 2144 1522 2195; x_wconf 85' lang='lat' dir='ltr'><strong>aut</strong></span> <span class='ocrx_word' id='word_1_165' title='bbox 1564 2139 1771 2191; x_wconf 83' lang='lat' dir='ltr'><strong>virtute</strong></span> <span class='ocrx_word' id='word_1_166' title='bbox 1815 2135 1890 2188; x_wconf 82' lang='lat' dir='ltr'><strong>vi·</strong></span> 
     </span>
     <span class='ocr_line' id='line_1_26' title="bbox 144 2216 1952 2289; baseline -0.013 -1"><span class='ocrx_word' id='word_1_167' title='bbox 144 2233 356 2289; x_wconf 85' lang='lat' dir='ltr'><strong>cissent</strong></span> <span class='ocrx_word' id='word_1_168' title='bbox 395 2232 494 2284; x_wconf 87' lang='lat' dir='ltr'><strong>aut</strong></span> <span class='ocrx_word' id='word_1_169' title='bbox 533 2226 667 2283; x_wconf 80' lang='lat' dir='ltr'><strong>victi</strong></span> <span class='ocrx_word' id='word_1_170' title='bbox 701 2243 898 2280; x_wconf 90' lang='lat' dir='ltr'><strong>manus</strong></span> <span class='ocrx_word' id='word_1_171' title='bbox 933 2222 1233 2278; x_wconf 90' lang='lat' dir='ltr'><strong>dedissent.</strong></span> <span class='ocrx_word' id='word_1_172' title='bbox 1287 2219 1396 2274; x_wconf 92' lang='lat' dir='ltr'><strong>hoc</strong></span> <span class='ocrx_word' id='word_1_173' title='bbox 1429 2216 1661 2272; x_wconf 89' lang='lat' dir='ltr'><strong>consilio</strong></span> <span class='ocrx_word' id='word_1_174' title='bbox 1697 2230 1890 2284; x_wconf 91' lang='lat' dir='ltr'><strong>pacem</strong></span> <span class='ocrx_word' id='word_1_175' title='bbox 1925 2226 1952 2266; x_wconf 81' lang='lat'><strong>5</strong></span> 
     </span>
     <span class='ocr_line' id='line_1_27' title="bbox 146 2291 1891 2377; baseline -0.014 -12"><span class='ocrx_word' id='word_1_176' title='bbox 146 2306 482 2377; x_wconf 83' lang='lat' dir='ltr'><strong>conciliavit,</strong></span> <span class='ocrx_word' id='word_1_177' title='bbox 522 2304 580 2359; x_wconf 92' lang='lat' dir='ltr'><strong>in</strong></span> <span class='ocrx_word' id='word_1_178' title='bbox 621 2321 730 2375; x_wconf 94' lang='lat' dir='ltr'><strong>quo</strong></span> <span class='ocrx_word' id='word_1_179' title='bbox 773 2305 933 2356; x_wconf 88' lang='lat' dir='ltr'><strong>tanta</strong></span> <span class='ocrx_word' id='word_1_180' title='bbox 965 2299 1076 2354; x_wconf 88' lang='lat' dir='ltr'><strong>fuit</strong></span> <span class='ocrx_word' id='word_1_181' title='bbox 1107 2297 1331 2366; x_wconf 87' lang='lat' dir='ltr'><strong>ferocia,</strong></span> <span class='ocrx_word' id='word_1_182' title='bbox 1374 2313 1499 2349; x_wconf 92' lang='lat' dir='ltr'><strong>cum</strong></span> <span class='ocrx_word' id='word_1_183' title='bbox 1534 2291 1767 2347; x_wconf 87' lang='lat' dir='ltr'><strong>Catulus</strong></span> <span class='ocrx_word' id='word_1_184' title='bbox 1802 2307 1891 2343; x_wconf 88' lang='lat' dir='ltr'><strong>ne-</strong></span> 
     </span>
     <span class='ocr_line' id='line_1_28' title="bbox 148 2365 1890 2458; baseline -0.013 -17"><span class='ocrx_word' id='word_1_185' title='bbox 148 2389 310 2458; x_wconf 83' lang='lat' dir='ltr'><strong>garet</strong></span> <span class='ocrx_word' id='word_1_186' title='bbox 354 2383 565 2439; x_wconf 89' lang='lat' dir='ltr'><strong>bellum</strong></span> <span class='ocrx_word' id='word_1_187' title='bbox 615 2379 1084 2450; x_wconf 89' lang='lat' dir='ltr'><strong>compositurum,</strong></span> <span class='ocrx_word' id='word_1_188' title='bbox 1136 2374 1245 2430; x_wconf 92' lang='lat' dir='ltr'><strong>nisi</strong></span> <span class='ocrx_word' id='word_1_189' title='bbox 1294 2373 1387 2426; x_wconf 87' lang='lat' dir='ltr'><strong>illc</strong></span> <span class='ocrx_word' id='word_1_190' title='bbox 1432 2389 1555 2425; x_wconf 91' lang='lat' dir='ltr'><strong>cum</strong></span> <span class='ocrx_word' id='word_1_191' title='bbox 1607 2368 1746 2437; x_wconf 88' lang='lat' dir='ltr'><strong>suis,</strong></span> <span class='ocrx_word' id='word_1_192' title='bbox 1797 2365 1890 2437; x_wconf 91' lang='lat' dir='ltr'><strong>qui</strong></span> 
     </span>
     <span class='ocr_line' id='line_1_29' title="bbox 147 2445 1892 2533; baseline -0.013 -15"><span class='ocrx_word' id='word_1_193' title='bbox 147 2461 386 2533; x_wconf 82' lang='lat' dir='ltr'><strong>Erycem</strong></span> <span class='ocrx_word' id='word_1_194' title='bbox 425 2462 697 2527; x_wconf 90' lang='lat' dir='ltr'><strong>tenerent,</strong></span> <span class='ocrx_word' id='word_1_195' title='bbox 739 2456 909 2511; x_wconf 89' lang='lat' dir='ltr'><strong>armis</strong></span> <span class='ocrx_word' id='word_1_196' title='bbox 952 2453 1163 2509; x_wconf 87' lang='lat' dir='ltr'><strong>relictis</strong></span> <span class='ocrx_word' id='word_1_197' title='bbox 1209 2449 1403 2506; x_wconf 87' lang='lat' dir='ltr'><strong>Sicilia</strong></span> <span class='ocrx_word' id='word_1_198' title='bbox 1445 2445 1787 2513; x_wconf 86' lang='lat' dir='ltr'><strong>decederent,</strong></span> <span class='ocrx_word' id='word_1_199' title='bbox 1829 2446 1892 2496; x_wconf 87' lang='lat' dir='ltr'><strong>ut</strong></span> 
     </span>
     <span class='ocr_line' id='line_1_30' title="bbox 151 2520 1893 2607; baseline -0.013 -13"><span class='ocrx_word' id='word_1_200' title='bbox 151 2536 544 2594; x_wconf 87' lang='lat' dir='ltr'><strong>succumbente</strong></span> <span class='ocrx_word' id='word_1_201' title='bbox 593 2534 780 2607; x_wconf 87' lang='lat' dir='ltr'><strong>patria</strong></span> <span class='ocrx_word' id='word_1_202' title='bbox 828 2534 947 2604; x_wconf 93' lang='lat' dir='ltr'><strong>ipse</strong></span> <span class='ocrx_word' id='word_1_203' title='bbox 988 2530 1300 2603; x_wconf 88' lang='lat' dir='ltr'><strong>periturum</strong></span> <span class='ocrx_word' id='word_1_204' title='bbox 1344 2543 1400 2579; x_wconf 90' lang='lat' dir='ltr'><strong>se</strong></span> <span class='ocrx_word' id='word_1_205' title='bbox 1443 2523 1633 2594; x_wconf 89' lang='lat' dir='ltr'><strong>potius</strong></span> <span class='ocrx_word' id='word_1_206' title='bbox 1676 2520 1893 2587; x_wconf 84' lang='lat' dir='ltr'><strong>dixerit,</strong></span> 
     </span>
     <span class='ocr_line' id='line_1_31' title="bbox 151 2597 1890 2688; baseline -0.013 -18"><span class='ocrx_word' id='word_1_207' title='bbox 151 2632 320 2688; x_wconf 89' lang='lat' dir='ltr'><strong>quam</strong></span> <span class='ocrx_word' id='word_1_208' title='bbox 367 2631 493 2669; x_wconf 88' lang='lat' dir='ltr'><strong>cum</strong></span> <span class='ocrx_word' id='word_1_209' title='bbox 544 2616 705 2667; x_wconf 89' lang='lat' dir='ltr'><strong>tanto</strong></span> <span class='ocrx_word' id='word_1_210' title='bbox 756 2610 973 2682; x_wconf 80' lang='lat' dir='ltr'><strong>flagitio</strong></span> <span class='ocrx_word' id='word_1_211' title='bbox 1025 2608 1250 2662; x_wconf 91' lang='lat' dir='ltr'><strong>domum</strong></span> <span class='ocrx_word' id='word_1_212' title='bbox 1301 2601 1534 2657; x_wconf 90' lang='lat' dir='ltr'><strong>rediret:</strong></span> <span class='ocrx_word' id='word_1_213' title='bbox 1592 2617 1703 2653; x_wconf 93' lang='lat' dir='ltr'><strong>non</strong></span> <span class='ocrx_word' id='word_1_214' title='bbox 1746 2597 1890 2651; x_wconf 80' lang='lat' dir='ltr'><strong>enini</strong></span> 
     </span>
     <span class='ocr_line' id='line_1_32' title="bbox 153 2675 1892 2754; baseline -0.012 -8"><span class='ocrx_word' id='word_1_215' title='bbox 153 2709 284 2747; x_wconf 85' lang='lat' dir='ltr'><strong>suae</strong></span> <span class='ocrx_word' id='word_1_216' title='bbox 340 2707 462 2744; x_wconf 87' lang='lat' dir='ltr'><strong>esse</strong></span> <span class='ocrx_word' id='word_1_217' title='bbox 517 2688 745 2743; x_wconf 86' lang='lat' dir='ltr'><strong>virtutis</strong></span> <span class='ocrx_word' id='word_1_218' title='bbox 804 2705 960 2741; x_wconf 89' lang='lat' dir='ltr'><strong>arma</strong></span> <span class='ocrx_word' id='word_1_219' title='bbox 1012 2703 1045 2740; x_wconf 91' lang='lat' dir='ltr'><strong>a</strong></span> <span class='ocrx_word' id='word_1_220' title='bbox 1101 2682 1285 2754; x_wconf 84' lang='lat' dir='ltr'><strong>patria</strong></span> <span class='ocrx_word' id='word_1_221' title='bbox 1344 2680 1572 2748; x_wconf 89' lang='lat' dir='ltr'><strong>accepta</strong></span> <span class='ocrx_word' id='word_1_222' title='bbox 1631 2675 1892 2729; x_wconf 66' lang='lat' dir='ltr'><strong>adversus</strong></span> 
     </span>
     <span class='ocr_line' id='line_1_33' title="bbox 151 2750 1897 2902; baseline -0.012 -79"><span class='ocrx_word' id='word_1_223' title='bbox 151 2771 345 2902; x_wconf 47' lang='lat' dir='ltr'><strong>{ostes</strong></span> <span class='ocrx_word' id='word_1_224' title='bbox 394 2764 725 2819; x_wconf 83' lang='lat' dir='ltr'><strong>adversariis</strong></span> <span class='ocrx_word' id='word_1_225' title='bbox 782 2763 1017 2818; x_wconf 88' lang='lat' dir='ltr'><strong>tradere.</strong></span> <span class='ocrx_word' id='word_1_226' title='bbox 1105 2759 1268 2813; x_wconf 87' lang='lat' dir='ltr'><strong>huius</strong></span> <span class='ocrx_word' id='word_1_227' title='bbox 1327 2753 1669 2827; x_wconf 87' lang='lat' dir='ltr'><strong>pertinaciae</strong></span> <span class='ocrx_word' id='word_1_228' title='bbox 1728 2750 1897 2805; x_wconf 86' lang='lat' dir='ltr'><strong>cessit</strong></span> 
     </span>
    </p>

    <p class='ocr_par' dir='ltr' id='par_1_6' title="bbox 201 2844 403 2900">
     <span class='ocr_line' id='line_1_34' title="bbox 201 2844 403 2900; baseline -0.02 0"><span class='ocrx_word' id='word_1_229' title='bbox 201 2844 403 2900; x_wconf 73' lang='lat' dir='ltr'><strong>attilus,</strong></span> 
     </span>
    </p>

    <p class='ocr_par' dir='ltr' id='par_1_7' title="bbox 154 2899 1966 3072">
     <span class='ocr_line' id='line_1_35' title="bbox 306 2899 1966 2988; baseline -0.013 -14"><span class='ocrx_word' id='word_1_230' title='bbox 306 2920 387 2975; x_wconf 87' lang='lat' dir='ltr'><strong>At</strong></span> <span class='ocrx_word' id='word_1_231' title='bbox 415 2917 527 2972; x_wconf 85' lang='lat' dir='ltr'><strong>&#39;ille</strong></span> <span class='ocrx_word' id='word_1_232' title='bbox 574 2919 639 2972; x_wconf 90' lang='lat' dir='ltr'><strong>ut</strong></span> <span class='ocrx_word' id='word_1_233' title='bbox 686 2915 1095 2988; x_wconf 86' lang='lat' dir='ltr'><strong>Karthaginem</strong></span> <span class='ocrx_word' id='word_1_234' title='bbox 1145 2910 1321 2980; x_wconf 85' lang='lat' dir='ltr'><strong>venit,</strong></span> <span class='ocrx_word' id='word_1_235' title='bbox 1384 2907 1562 2963; x_wconf 90' lang='lat' dir='ltr'><strong>multo</strong></span> <span class='ocrx_word' id='word_1_236' title='bbox 1615 2905 1777 2958; x_wconf 84' lang='lat' dir='ltr'><strong>aliter</strong></span> <span class='ocrx_word' id='word_1_237' title='bbox 1835 2919 1896 2954; x_wconf 90' lang='lat' dir='ltr'><strong>ac</strong></span> <span class='ocrx_word' id='word_1_238' title='bbox 1930 2899 1966 2954; x_wconf 80' lang='lat'><strong>2</strong></span> 
     </span>
     <span class='ocr_line' id='line_1_36' title="bbox 154 2983 1898 3072; baseline -0.013 -19"><span class='ocrx_word' id='word_1_239' title='bbox 154 3001 410 3072; x_wconf 87' lang='lat' dir='ltr'><strong>sperarat</strong></span> <span class='ocrx_word' id='word_1_240' title='bbox 449 3011 566 3048; x_wconf 85' lang='lat' dir='ltr'><strong>rem</strong></span> <span class='ocrx_word' id='word_1_241' title='bbox 622 2993 905 3065; x_wconf 88' lang='lat' dir='ltr'><strong>publicam</strong></span> <span class='ocrx_word' id='word_1_242' title='bbox 947 3010 1004 3046; x_wconf 90' lang='lat' dir='ltr'><strong>se</strong></span> <span class='ocrx_word' id='word_1_243' title='bbox 1046 2989 1347 3044; x_wconf 89' lang='lat' dir='ltr'><strong>habentem</strong></span> <span class='ocrx_word' id='word_1_244' title='bbox 1389 2983 1667 3056; x_wconf 78' lang='lat' dir='ltr'><strong>cognovit.</strong></span> <span class='ocrx_word' id='word_1_245' title='bbox 1748 2996 1898 3032; x_wconf 91' lang='lat' dir='ltr'><strong>nam-</strong></span> 
     </span>
    </p>
   </div>
  </div>
 </body>
</html>
