2164 3358
0 0 20 123 l

0 162 9 198 ι

0 224 11 300 f
100 243 196 317 qui
237 244 438 300 ceteris
478 245 923 316 praestitissent,
964 263 1058 300 eos
1101 246 1320 318 magnis
1364 246 1614 302 afficeret
1657 268 1842 304 mune·

0 308 10 387 ,ι
98 320 270 376 ribus.
339 320 429 375 his
470 321 646 394 igitur
687 322 851 376 rebus
894 321 1087 375 effecit)
1117 325 1182 375 ut
1222 326 1279 376 et
1321 324 1743 378 ornatissimum
1786 331 1842 380 et

0 397 10 531 ἱ
99 396 628 452 exercitatissimum
676 397 911 452 haberet
959 398 1279 452 exercitum.
1359 400 1487 454 huic
1530 419 1655 455 cum
1707 407 1841 455 tem·
1875 415 1903 456 4

96 491 203 546 pus
258 477 410 529 esset
466 474 649 528 visum
707 473 895 545 copias
963 474 1255 529 extrahere
1316 495 1381 529 ex
1446 476 1842 549 hibernacuIiS,

0 565 11 610 :'
97 549 256 621 vidit,
296 550 361 621 si,
403 569 513 622 quo
551 553 701 605 esset
731 549 842 604 iter
874 548 1141 621 facturus,
1183 552 1368 622 palam
1403 555 1839 625 pronuntiasset,

96 625 292 682 hostes
316 645 429 682 non
455 626 764 682 credituros
791 625 1041 697 aliasque
1076 628 1331 699 regiones
1360 631 1652 699 praesidiis
1687 649 1841 686 occu-

0 742 2 746 *
98 707 331 775 paturos
363 721 543 774 neque
578 702 935 757 dubitaturos
970 703 1122 757 aliud
1156 723 1281 758 eum
1317 705 1595 761 facturum
1623 726 1686 762 ac
1719 727 1842 779 pro-

95 779 430 835 nuntiasset.
492 779 684 849 itaque
719 797 845 833 cum
877 779 971 833 ille
1009 778 1198 835 Sardis
1242 782 1452 835 iturum
1495 802 1551 837 se
1594 784 1842 854 dixisset,
1876 798 1902 839 5

95 855 497 928 Tissaphernes
530 855 763 910 eandem
789 853 1012 911 Cariam
1047 856 1448 912 defendendam
1481 861 1717 930 putavit.
1784 862 1841 914 in

97 951 207 1004 quo
248 950 375 987 cum
414 950 542 987 eum
582 932 771 1004 opinio
813 930 1108 988 fefellisset
1148 935 1468 1006 victumque
1511 955 1568 991 se
1611 937 1842 991 vidisset

95 1007 348 1080 consili0,
388 1026 512 1063 sero
555 1008 671 1063 suis
713 1009 992 1080 praesidio
1035 1010 1319 1081 profectus
1363 1016 1462 1066 est.
1542 1032 1672 1067 nam
1715 1033 1841 1069 cum

93 1084 194 1140 illo
242 1084 511 1156 venisset,
559 1085 672 1140 iam
721 1085 1021 1158 Agesilaus
1074 1088 1266 1142 multis
1317 1089 1455 1143 locis
1505 1092 1840 1163 expugnatis

93 1178 300 1235 magna
341 1165 463 1216 erat
502 1162 710 1233 praeda
750 1163 982 1233 potitus.
1042 1162 1191 1218 Laco
1228 1169 1416 1220 autem
1459 1185 1585 1221 cum
1627 1168 1841 1222 videret
1875 1183 1901 1222 6

91 1237 287 1294 hostes
314 1239 573 1309 equitatu
607 1257 885 1310 superare,
918 1259 1225 1311 numquam
1260 1242 1317 1295 in
1352 1262 1548 1314 campo
1585 1245 1671 1298 sui
1706 1245 1842 1299 fecit

92 1317 438 1387 potestatem
480 1318 539 1370 et
579 1315 648 1370 iis
691 1315 829 1370 locis
872 1335 1099 1371 manum
1135 1320 1434 1390 conseruit,
1476 1321 1679 1390 quibus
1714 1321 1840 1392 plus

91 1391 379 1463 pedestres
422 1391 614 1463 copiae
655 1392 919 1447 valerent.
984 1395 1202 1465 pepulit
1236 1415 1387 1469 erg0,
1430 1397 1841 1466 quotienscum-

92 1486 200 1540 que
240 1485 574 1541 congressus
616 1473 718 1540 est,
760 1470 937 1524 multo
981 1472 1221 1526 maiores
1266 1472 1712 1528 adversariorum
1755 1493 1841 1529 co-

89 1545 213 1617 pias
254 1548 314 1600 et
354 1544 434 1600 sic
474 1544 533 1599 in
564 1544 705 1600 Asia
746 1549 1000 1601 versatus
1043 1552 1144 1619 est,
1185 1552 1248 1602 ut
1290 1550 1540 1604 omnium
1579 1551 1839 1622 opinione

88 1620 271 1676 victor
310 1620 619 1676 duceretur.

242 1695 352 1752 Hic
409 1716 537 1753 cum
593 1698 708 1753 iam
767 1700 953 1754 animo
1020 1702 1388 1757 meditaretur
1446 1703 1725 1774 proficisci
1780 1704 1838 1758 in
1871 1706 1909 1760 4

88 1772 290 1829 Persas
331 1778 390 1830 et
429 1775 615 1847 ipsum
649 1794 838 1849 regem
873 1778 1096 1848 adoriri,
1137 1780 1368 1833 nuntius
1405 1780 1452 1834 ei
1487 1781 1653 1834 domo
1686 1781 1839 1835 venit

89 1849 427 1922 ephororum
467 1852 659 1923 missu,
704 1853 915 1907 bellum
955 1854 1329 1910 Athenienses
1373 1861 1430 1910 et
1469 1856 1717 1912 Boeotos
1759 1858 1838 1912 in-

89 1926 297 1982 dixisse
336 1926 820 1984 Lacedaemoniis:
863 1949 1032 2000 quare
1076 1933 1261 1987 venire
1303 1951 1372 1987 ne
1414 1934 1716 1989 dubitaret.
1780 1935 1836 1988 in
1871 1950 1896 1989 2

87 2002 196 2059 hoc
226 2022 341 2059 non
373 2005 556 2061 minus
589 2007 707 2060 eius
742 2007 923 2078 pietas
959 2009 1312 2080 suspicienda
1337 2014 1425 2065 est
1456 2029 1624 2081 quam
1658 2012 1836 2064 virtus

89 2079 321 2136 bellica:
363 2082 459 2153 qui
492 2101 618 2138 cum
653 2083 853 2138 victori
894 2090 1182 2156 praeesset
1215 2087 1483 2142 exercitui
1517 2089 1838 2142 maximam·

91 2174 202 2229 que
244 2156 481 2214 haberet
520 2158 780 2214 fiduciam
824 2162 980 2234 regni
1022 2161 1320 2218 Persarum
1362 2164 1634 2235 potiundi,
1680 2167 1838 2218 tanta

91 2233 371 2290 modestia
427 2235 578 2291 dicto
636 2237 863 2291 audiens
920 2237 1029 2292 fuit
1081 2239 1248 2294 iussis
1301 2241 1617 2295 absentium
1668 2240 1837 2313 magi-

0 2335 1 2359 ι
93 2311 400 2384 stratuum,
454 2316 520 2367 ut
568 2312 616 2368 si
672 2314 924 2385 privatus
981 2315 1040 2370 in
1097 2317 1326 2372 comitio
1384 2322 1533 2372 esset
1583 2316 1835 2388 Spartae.

0 2394 2 2464 y
92 2384 252 2442 cuius
290 2390 606 2462 exemplum
648 2391 864 2445 utinam
913 2392 1282 2464 imperatores
1324 2395 1502 2448 nostri
1545 2395 1702 2464 sequi
1744 2413 1834 2447 vo-

0 2466 2 2484 '
91 2459 354 2520 luissent!
394 2465 492 2522 sed
531 2466 666 2522 illuc
699 2468 1003 2523 redeamuS.
1067 2471 1366 2544 Agesilaus
1402 2471 1830 2540 opulentissimo
1866 2486 1891 2525 3

91 2555 265 2611 regno
290 2544 617 2615 praeposuit
642 2544 848 2599 bonam
882 2546 1354 2601 existimationem
1392 2547 1681 2618 multoque
1715 2547 1831 2620 glo·

90 2613 296 2671 riosius
336 2616 518 2691 duxit,
556 2621 605 2675 si
645 2621 926 2676 institutis
968 2625 1183 2694 patriae
1226 2624 1531 2694 paruisset,
1573 2642 1740 2694 quam
1783 2624 1829 2677 si

88 2689 239 2747 bello
281 2700 601 2765 superasset
639 2697 850 2753 Asiam.
914 2698 1019 2754 hac
1060 2701 1234 2773 igitur
1276 2704 1461 2754 mente
1502 2698 1829 2771 Hellespon·
1864 2714 1890 2753 4

89 2769 212 2824 tum
261 2768 451 2840 copias
499 2772 724 2829 traiecit
771 2779 1040 2847 tantaque
1083 2796 1216 2830 usus
1259 2782 1346 2830 est
1387 2776 1697 2847 celeritate,
1751 2782 1827 2846 ut,

23 2871 26 2874 ·
88 2844 238 2917 quod
279 2845 388 2901 iter
417 2844 628 2904 Xerxes
667 2867 813 2907 anno
854 2857 1107 2907 vertente
1149 2853 1481 2925 confecerat,
1519 2854 1611 2908 hic
1653 2858 1828 2907 trans-

39 2982 42 2988 ,
85 2918 222 2976 ierit
268 2922 505 2996 triginta
548 2923 759 2981 diebus.
814 2946 940 2984 cum
974 2930 1085 2983 iam
1118 2929 1266 2984 haud
1301 2930 1382 2984 ita
1415 2931 1578 3003 longe
1607 2930 1827 2983 abesset
1861 2941 1886 2982 5

87 3012 123 3052 a
158 2994 571 3073 PeloponnesO,
621 3001 895 3060 obsistere
945 3006 994 3060 ei
1044 3006 1230 3060 conati
1281 3010 1411 3061 sunt
1453 3007 1823 3061 Athenienses

1487 3095 1548 3141 ὃ*

614 118 760 165 xvn.
795 118 1154 167 AGESILAUS.
1204 127 1245 167 3.
1280 127 1322 167 4.
1769 127 1836 179 67
