2019 3310
123 122 233 175 104
656 117 800 163 XXV.
834 113 1109 161 ATTICUS.
1160 118 1291 158 7—9.

123 248 309 299 autem
349 243 529 298 Attici
570 241 723 312 quies
765 242 924 294 tanto
968 257 1129 309 opere
1169 236 1278 291 fuit
1317 240 1505 308 grata,
1543 239 1608 290 ut
1646 236 1839 306 victor,

123 340 248 376 cum
294 317 526 391 privatis
575 316 835 388 pecunias
883 334 981 385 per
1030 313 1296 384 epistulas
1344 313 1665 382 imperaret,
1711 311 1840 365 huic

121 416 233 450 non
286 396 464 450 solum
520 393 787 447 molestus
842 409 955 445 non
1009 389 1201 459 fuerit,
1258 388 1353 441 sed
1408 387 1578 441 etiam
1633 387 1838 441 sororis

122 472 300 526 filium
340 474 395 524 et
430 469 491 533 Q.
518 468 839 524 Ciceronem
880 485 946 520 ex
981 465 1212 536 Pompei
1253 462 1451 518 castris
1494 462 1839 517 concesserit.

126 548 202 601 sic
245 550 428 600 vetere
469 545 730 599 instituto
771 543 917 596 vitae
959 541 1153 613 effugit
1192 558 1335 594 nova
1373 538 1631 610 pericula.

64 625 96 679 8
277 620 539 676 Secutum
588 623 673 674 est
720 619 872 673 illud.
953 618 1133 672 occiso
1176 614 1409 671 Caesare
1452 633 1576 669 cum
1616 631 1703 667 res
1747 632 1842 683 pu—

122 699 268 752 blica
307 715 473 768 penes
506 695 712 751 Brutos
752 695 1032 748 videretur
1072 711 1190 747 esse
1233 696 1289 745 et
1322 689 1575 746 Cassium
1616 707 1680 743 ac
1720 691 1843 743 tota

62 789 89 829 2
124 774 318 828 civitas
361 792 418 828 se
460 773 529 826 ad
569 790 661 826 eos
705 770 1084 838 convertisset,
1125 769 1204 822 sic
1244 767 1316 821 M.
1349 766 1527 820 Bruto
1568 783 1700 819 usus
1742 767 1845 834 est,

121 854 185 903 ut
223 850 375 904 nullo
416 848 509 902 ille
552 847 869 901 adulescens
912 844 1130 914 aequali
1169 843 1498 897 familiarius
1542 859 1707 912 quam
1737 839 1844 894 hoc

124 943 275 996 sene,
328 943 504 995 neque
555 924 734 977 solum
787 940 912 975 eum
963 919 1270 990 principem
1326 917 1543 973 consilii
1598 916 1845 985 haberet,

62 1017 89 1056 3
125 1002 218 1056 sed
261 1001 429 1054 etiam
470 1000 528 1053 in
568 999 838 1053 convictu.
903 995 1282 1068 excogitatum
1316 997 1401 1048 est
1434 1012 1466 1046 a
1499 991 1846 1063 quibusdam,

122 1081 186 1130 ut
217 1078 498 1147 privatum
532 1074 805 1128 aerarium
831 1071 1083 1128 Caesaris
1116 1069 1568 1124 interfectoribus
1603 1068 1671 1121 ab
1698 1067 1845 1138 equi-

123 1153 274 1206 tibus
323 1151 589 1205 Romanis
640 1150 1086 1205 constitueretur.
1165 1147 1221 1200 id
1272 1145 1434 1200 facile
1486 1142 1633 1198 effici
1683 1161 1847 1213 posse

124 1228 383 1282 arbitrati
424 1230 567 1297 sunt,
609 1226 656 1280 si
696 1225 972 1297 principes
1015 1223 1131 1277 eius
1175 1221 1383 1277 ordinis
1424 1219 1685 1291 pecunias
1725 1236 1848 1272 con-

122 1304 399 1358 tulissent.
478 1303 666 1373 itaque
724 1300 1035 1372 appellatus
1092 1302 1179 1353 est
1228 1317 1260 1352 a
1307 1296 1365 1353 C.
1414 1295 1632 1366 Flavio,
1682 1293 1848 1349 Bruti

61 1394 91 1434 4
123 1380 402 1451 familiari,
443 1378 687 1448 AtticuS,
727 1381 791 1431 ut
831 1378 948 1431 eius
990 1375 1071 1430 rei
1102 1374 1358 1446 princeps
1393 1391 1511 1427 esse
1543 1370 1726 1426 vellet.
1791 1373 1850 1423 at

123 1457 233 1527 ille,
275 1456 369 1526 qui
410 1454 593 1509 officia
634 1453 825 1508 amicis
866 1451 1200 1523 praestanda
1238 1450 1354 1504 sine
1386 1448 1630 1503 factione
1665 1446 1850 1500 existi·

125 1535 303 1586 maret
359 1549 682 1601 semperque
737 1549 769 1583 a
824 1529 1030 1582 talibus
1089 1546 1146 1581 86
1204 1525 1450 1580 6611811118
1506 1522 1850 1592 removisset,

123 1607 436 1679 respondit:
478 1607 525 1660 si
567 1606 697 1676 quid
729 1604 937 1659 Brutus
979 1604 1044 1658 de
1086 1603 1199 1657 suis
1240 1600 1602 1655 facultatibus
1643 1598 1728 1653 uti
1760 1616 1850 1651 vo·

123 1684 343 1754 luisset,
397 1700 650 1752 usurum,
707 1685 977 1751 quantum
1025 1697 1119 1733 eae
1168 1680 1514 1749 paterentur,
1566 1693 1624 1730 se
1672 1692 1850 1743 neque

125 1779 250 1815 611111
292 1777 570 1830 quoquam
604 1757 669 1811 de
702 1776 767 1811 ea
799 1776 857 1810 re
892 1756 1298 1810 collocuturum
1336 1770 1515 1823 neque
1557 1750 1850 1806 coiturum.

126 1836 205 1890 sic
252 1835 346 1889 ille
396 1834 773 1890 consensionis
824 1833 1023 1905 globus
1079 1831 1245 1885 huius
1294 1829 1456 1883 unius
1510 1825 1851 1882 dissensione

64 1926 91 1966 5
126 1911 391 1966 disiectus
434 1914 533 1964 est.
607 1928 784 1979 neque
826 1908 1003 1963 multo
1044 1910 1174 1978 post
1215 1905 1467 1976 superior
1507 1921 1627 1958 esse
1668 1901 1853 1972 coepit

124 1988 426 2057 Antom'uS,
473 1987 555 2039 ita
602 1989 665 2039 ut
704 1985 914 2039 Brutus
956 1987 1012 2038 et
1053 1982 1279 2038 Cassius
1320 1981 1515 2036 omissa
1553 1996 1684 2035 cura
1729 1995 1853 2048 pro-

124 2064 446 2134 vinciarum,
487 2080 625 2132 quae
664 2062 734 2115 iis
776 2061 910 2115 dicis
953 2079 1119 2115 causa
1160 2059 1320 2113 datae
1355 2060 1514 2111 erant
1546 2074 1580 2110 a
1611 2054 1852 2123 consule,

66 2155 91 2194 6
127 2140 433 2210 desperatis
474 2139 640 2191 rebus
681 2138 739 2190 in
779 2138 1005 2191 exilium
1045 2135 1542 2207 proficiscerentur.
1612 2129 1853 2199 Atticus,

127 2216 222 2287 qui
276 2215 568 2286 pecuniam
625 2213 791 2267 simul
849 2232 972 2266 cum
1029 2212 1227 2266 ceteris
1285 2209 1534 2264 conferre
1596 2205 1854 2260 noluerat

125 2292 347 2346 florenti
386 2291 470 2344 illi
510 2290 674 2361 parti,
724 2289 939 2343 abiecto
982 2287 1159 2342 Bruto
1201 2286 1477 2356 Italiaque
1518 2281 1734 2338 cedenti
1775 2299 1854 2334 se-

129 2368 388 2422 stertium
430 2370 653 2421 centum
693 2365 847 2418 milia
887 2364 1100 2418 muneri
1142 2363 1311 2417 misit.
1371 2360 1549 2414 eidem
1588 2358 1648 2411 in
1678 2357 1852 2428 Epiro

129 2444 327 2497 absens
377 2446 626 2497 trecenta
672 2441 837 2495 iussit
884 2439 1026 2510 dari,
1075 2457 1253 2509 neque
1295 2455 1359 2491 eo
1408 2434 1587 2507 magis
1635 2432 1854 2504 potenti

130 2520 385 2573 adulatus
427 2522 514 2572 est
554 2517 802 2572 Antonio
843 2533 1019 2586 neque
1061 2515 1382 2584 desperatos
1424 2510 1665 2581 reliquit.

71 2596 101 2648 9
283 2593 544 2649 Secutum
586 2597 671 2648 est
711 2592 919 2647 bellum
968 2594 1190 2663 gestum
1240 2588 1386 2659 apud
1425 2586 1717 2640 Mutinam.
1796 2584 1857 2637 in

130 2689 239 2741 quo
282 2671 328 2724 si
370 2674 590 2723 tantum
647 2688 773 2722 eum
821 2667 1149 2739 prudentem
1198 2664 1401 2733 dicam,
1449 2663 1631 2716 minus
1689 2678 1856 2731 quam

130 2747 360 2800 debeam
399 2746 733 2816 praedicem,
790 2762 914 2799 cum
954 2743 1047 2796 ille
1087 2740 1277 2812 potius
1319 2739 1535 2793 divinus
1575 2737 1769 2808 fuerit,
1809 2735 1856 2789 si

130 2821 397 2877 divinatio
449 2821 776 2891 appellanda
825 2823 910 2873 est
964 2820 1234 2890 perpetua
1288 2815 1562 2870 naturalis
1618 2813 1856 2881 bonitaS,

72 2912 96 2951 2
131 2917 270 2969 quae
318 2897 486 2951 nullis
537 2897 755 2950 casibus
799 2896 1047 2967 agitatur
1085 2911 1262 2962 neque
1315 2891 1599 2945 minuitur.
1676 2887 1856 2942 hostis

129 2974 409 3029 Antonius
466 2973 741 3026 iudicatus
799 2971 967 3025 Italia
1022 2972 1286 3024 cesserat:
1348 2985 1473 3038 spes
1528 2963 1858 3020 restituendi
