2164 3358
0 164 16 193 -.ψ
0 32 11 133 ‚qr-⁷
0 0 5 15 -

649 86 753 133 VII.
789 87 1177 135 ALCIBIADES.
1227 95 1268 136 3.
1303 95 1345 137 4.
1793 94 1867 148 25

127 207 382 281 privatus
408 210 859 267 existimabatur:
902 213 1108 268 multos
1142 215 1288 268 enim
1323 216 1663 271 liberalitate
1688 218 1870 274 devin-

126 288 302 357 xerat,
340 285 528 357 plures
563 289 732 343 etiam
766 307 935 361 opera
968 288 1175 344 forensi
1211 310 1340 346 suos
1375 294 1703 348 reddiderat.
1761 314 1868 366 qua
1902 309 1928 349 5

126 381 188 417 re
226 362 401 418 fiebat
440 368 505 419 ut
538 366 787 421 omnium
821 365 1028 435 oculos,
1070 368 1568 441 quotienscumque
1603 371 1658 424 in
1693 372 1869 442 publi-

125 457 254 495 cum
301 440 605 513 prodisset,
654 442 722 497 ad
771 460 829 496 se
878 447 1228 497 converteret
1269 464 1446 516 neque
1490 447 1539 501 ei
1581 467 1682 518 par
1724 449 1869 518 quis-

126 534 296 588 quam
336 516 393 571 in
434 518 661 573 civitate
710 522 1024 589 poneretur.
1105 519 1294 591 itaque
1335 542 1447 576 non
1488 524 1670 578 solum
1713 544 1869 595 spem

126 592 186 648 in
225 611 291 648 eo
331 593 615 649 habebant
654 594 979 665 maximam,
1028 596 1123 650 sed
1165 597 1335 652 etiam
1387 599 1672 671 timorem,
1722 602 1867 672 quod

125 672 184 726 et
216 670 414 726 obesse
446 670 749 742 plurimum
784 676 840 725 et
873 672 1136 743 prodesse
1169 679 1408 744 poterat.
1467 678 1869 749 aspergebatur
1902 692 1928 732 e

126 746 298 802 etiam
330 745 576 818 infamia,
614 747 761 818 quod
796 748 853 801 in
886 748 1051 803 domo
1086 768 1185 804 sua
1218 750 1398 805 facere
1434 755 1703 824 mysteria
1729 756 1870 809 dice·

124 823 294 879 batur
334 821 507 895 (quod
538 823 694 878 nefas
729 829 850 878 erat
883 844 1036 879 more
1071 826 1525 902 Atheniensium)
1560 830 1723 901 idque
1756 851 1869 886 non

124 900 194 956 ad
232 899 586 974 religionem,
627 900 723 956 sed
765 901 833 956 ad
875 903 1318 959 coniurationem
1359 907 1638 977 pertinere
1681 908 1868 962 existi·

121 976 397 1033 msbatur.

274 1051 398 1109 Hoc
446 1054 677 1109 crimine
734 1055 791 1110 in
840 1057 1098 1111 contione
1151 1058 1221 1111 ab
1280 1059 1521 1114 inimicis
1572 1062 1866 1132 compella·
1900 1060 1936 1115 4

121 1130 304 1186 batur.
384 1131 480 1185 sed
529 1131 780 1186 instabat
829 1136 1050 1203 tempus
1101 1134 1167 1188 ad
1211 1135 1420 1189 bellum
1463 1137 1866 1207 proficiscendi.

121 1207 179 1262 id
234 1207 328 1262 ille
381 1207 605 1262 intuens
658 1228 835 1279 neque
889 1210 1155 1281 ignorans
1210 1211 1413 1266 civium
1464 1233 1691 1268 suorum
1742 1234 1866 1269 con-

121 1284 474 1341 suetudinem
507 1285 849 1355 postulabat‚
883 1287 929 1339 si
966 1287 1098 1357 quid
1125 1288 1190 1341 de
1218 1307 1275 1342 se
1302 1290 1393 1361 agi
1421 1291 1643 1359 vellent,
1677 1292 1864 1362 potius

120 1361 188 1417 de
221 1364 514 1434 praesente
549 1362 803 1432 quaestio
837 1361 1153 1434 haberetur,
1187 1383 1354 1434 quam
1391 1366 1590 1421 absens
1627 1368 1864 1422 invidiae

121 1437 352 1494 crimine
400 1441 771 1493 accusaretur.
851 1439 1062 1494 inimici
1112 1460 1242 1495 vero
1297 1442 1414 1496 eius
1471 1444 1864 1514 quiescendum
1899 1457 1925 1497 2

119 1515 178 1572 in
224 1514 531 1588 praesenti,
578 1514 709 1585 quia
755 1517 942 1570 noceri
983 1518 1032 1570 ei
1069 1537 1182 1572 non
1231 1536 1394 1588 posse
1446 1519 1865 1593 intellegebant,

117 1595 178 1647 et
215 1590 355 1646 illud
387 1594 609 1662 tempus
642 1593 1076 1663 exspectandum
1118 1594 1496 1667 decreverunt,
1532 1616 1641 1668 quo
1680 1598 1865 1653 classis

119 1667 351 1739 exisset,
397 1671 463 1722 ut
511 1668 803 1723 absentem
845 1671 1307 1742 aggrederentur,
1357 1673 1547 1743 itaque
1598 1674 1863 1729 fecerunt.

115 1763 248 1801 nam
278 1747 580 1817 postquam
614 1745 670 1799 in
700 1743 948 1801 Siciliam
983 1765 1108 1801 eum
1148 1750 1464 1818 pervenisse
1491 1751 1864 1822 crediderunt,
1896 1765 1922 1804 3

118 1821 432 1891 absentem,
480 1821 629 1892 quod
670 1841 828 1876 sacra
870 1824 1158 1893 violasset,
1209 1845 1363 1879 reum
1406 1826 1672 1881 fecerunt.
1753 1848 1863 1898 qua

117 1898 186 1954 de
224 1917 284 1954 re
323 1917 450 1954 cum
491 1897 542 1952 ei
582 1899 812 1953 nuntius
852 1920 884 1953 a
917 1901 1253 1973 magistratu
1289 1903 1345 1956 in
1373 1901 1622 1958 Siciliam
1657 1905 1860 1959 missus

117 1978 291 2046 esset,
340 1978 407 2030 ut
445 1974 673 2029 domum
715 1976 783 2030 ad
825 1995 1048 2031 causam
1091 1978 1378 2033 dicendam
1421 1981 1650 2050 rediret,
1692 1988 1861 2035 esset-

116 2070 225 2125 que
280 2051 339 2107 in
391 2069 595 2125 magna
647 2070 745 2124 spe
802 2055 1119 2124 provinciae
1180 2056 1315 2109 bene
1372 2057 1860 2127 administrandae,

113 2146 229 2185 non
267 2146 463 2201 parere
502 2128 686 2184 noluit
726 2133 783 2184 et
823 2131 879 2184 in
922 2131 1230 2200 triremem,
1278 2151 1419 2203 quae
1461 2134 1528 2187 ad
1571 2154 1696 2188 eum
1739 2140 1859 2188 erat

114 2204 520 2278 deportandum
562 2206 749 2276 missa,
789 2208 1054 2262 ascendit.
1114 2208 1217 2263 hac
1250 2208 1490 2264 Thurios
1534 2211 1589 2264 in
1634 2211 1856 2265 ltaliam
1890 2225 1918 2265 4

116 2286 432 2354 pervectus,
481 2282 661 2337 multa
708 2301 895 2338 secum
948 2290 1211 2356 reputans
1263 2286 1327 2340 dc
1379 2287 1743 2341 immoderata
1786 2289 1857 2343 ci·

117 2355 271 2414 vium
309 2377 538 2414 suorum
579 2359 805 2415 licentia
839 2361 1276 2433 crudelitateque
1313 2382 1444 2433 erga
1479 2364 1710 2433 nobileS,
1753 2367 1857 2418 uti-

117 2429 393 2491 lissimum
417 2439 573 2491 ratus
600 2435 1010 2508 impendentem
1038 2439 1246 2493 evitare
1275 2444 1686 2510 tempestatem,
1711 2442 1853 2496 clam

117 2527 178 2564 se
224 2508 295 2565 ab
341 2512 667 2568 custodibus
716 2514 982 2569 subduxit
1031 2520 1087 2569 et
1143 2516 1268 2569 inde
1327 2517 1568 2586 primum
1617 2516 1854 2590 Elidem,

115 2585 243 2641 dein
280 2583 500 2644 Thebas
539 2589 709 2644 venit.
788 2596 1087 2662 postquam
1134 2597 1319 2646 autem
1363 2611 1419 2646 se
1462 2594 1663 2664 capitis
1705 2595 1852 2649 dam·
1887 2608 1912 2648 5

114 2666 312 2718 natum
351 2662 513 2720 bonis
552 2666 854 2737 publicatis
896 2668 1123 2737 audivit,
1165 2674 1235 2738 et,
1280 2669 1328 2722 id
1375 2670 1521 2740 quod
1562 2689 1852 2741 numquam

0 2767 12 2817 Β
110 2743 273 2795 antea
319 2757 425 2794 usu
472 2746 721 2814 venerat,
775 2742 1140 2815 Eumolpidas
1197 2746 1513 2801 sacerdotes
1564 2766 1595 2801 a
1643 2750 1849 2819 populo

0 2831 16 2890 g
111 2819 340 2872 coactos
373 2818 439 2870 ut
468 2833 530 2871 se
559 2816 908 2889 devoverent,
942 2823 1171 2891 eiusque
1205 2822 1517 2877 devotionis
1545 2843 1656 2894 quo
1684 2829 1849 2878 testa-

0 2903 21 2979 3]
111 2891 226 2948 tior
265 2905 415 2947 esset
455 2895 738 2964 memoria,
776 2898 1089 2969 exemplum
1126 2899 1180 2951 in
1215 2898 1328 2968 pila
1362 2899 1579 2970 lapidea
1614 2901 1845 2954 incisum

108 2984 232 3025 esse
280 2969 528 3042 positum
581 2969 638 3023 in
685 2970 933 3045 public0,
982 2973 1454 3030 Lacedaemonem
1498 2977 1846 3047 demigravit.
