2019 3310
191 105 261 158 68
684 101 827 148 xvn.
861 99 1214 146 AGESILAUS.
1264 105 1395 146 4-6.

193 232 247 282 et
278 228 478 281 Boeoti
512 226 786 310 ceterique
829 242 1015 277 eorum
1057 222 1193 276 socii
1227 223 1371 292 apud
1395 221 1723 278 Coroneam·
1765 244 1902 309 quos

133 318 157 356 ⁴3
195 322 382 358 omnes
418 303 572 373 gravi
605 300 814 370 proelio
847 299 995 352 vicit.
1054 298 1217 351 huius
1251 298 1513 352 victoriae
1545 301 1631 352 vel
1663 300 1904 353 maxima

192 379 299 432 fuit
338 379 473 445 13110,
516 376 674 446 (111οᾶ,
716 393 839 428 011111
879 373 1124 444 plerique
1166 391 1231 426 ex
1269 372 1401 444 fuga
1441 391 1499 426 se
1536 374 1595 427 in
1634 376 1904 460 templum

192 453 470 507 Mineivae
513 451 876 504 coniecissent
918 451 1377 518 quaerereturque
1419 448 1487 500 ab
1529 467 1616 519 e0‚
1665 450 1795 519 quid
1835 450 1903 503 iis

192 529 359 582 vellet
406 527 548 596 fieri,
597 526 702 579 etsi
744 526 957 594 aliquot
997 524 1224 577 vulnera
1263 527 1549 592 acceperat
1589 541 1653 578 eo
1692 525 1903 594 proelio

194 608 249 657 et
288 604 461 655 iratus
502 601 792 654 videbatur
833 599 1103 668 omnibuS,
1146 599 1239 668 qui
1280 599 1536 652 adversus
1580 616 1731 652 arma
1770 601 1905 653 tule-

192 682 341 747 rant,
397 681 583 730 tamen
633 675 894 729 antetulit
941 675 1053 727 irae
1111 674 1436 745 religionem
1484 677 1539 726 et
1587 692 1681 728 eos
1729 676 1906 728 vetuit

136 769 159 807 7
193 753 403 806 violari.
482 770 657 821 neque
706 769 834 804 vero
883 750 988 803 hoc
1038 750 1216 802 solum
1263 750 1321 802 in
1363 747 1593 802 Graecia
1631 749 1787 820 fecit,
1843 753 1907 803 ut

194 828 403 898 templa
444 828 668 881 deorum
711 829 899 879 sancta
946 825 1199 894 haberet,
1248 824 1342 877 sed
1390 824 1558 878 etiam
1598 825 1742 894 apud
1787 825 1907 878 bar-

193 905 358 957 baros
402 921 613 956 summa
654 901 920 972 religione
963 900 1146 952 omnia
1187 899 1481 953 simulacra
1520 917 1750 969 arasque
1784 918 1906 954 con·

137 994 163 1033 8
198 979 451 1033 servavit.
492 978 678 1047 itaque
703 975 1058 1060 praedicabat
1077 974 1266 1026 mirari
1285 991 1358 1043 se,
1382 993 1495 1028 non
1513 975 1906 1046 sacrilegorum

194 1072 421 1108 numero
454 1052 663 1121 haberi,
699 1052 791 1121 qui
826 1049 1165 1120 supplicibus
1199 1049 1425 1102 deorum
1447 1050 1779 1119 nocuissent,
1813 1055 1908 1104 aut

194 1148 305 1183 non
346 1127 692 1211 gravioribus
732 1125 924 1196 poenis
974 1124 1142 1194 affici,
1199 1124 1292 1194 qui
1339 1124 1666 1196 religionem
1705 1125 1906 1179 minue-

196 1209 335 1275 rent,
376 1222 541 1274 quam
583 1221 676 1272 qm
715 1201 845 1255 fana
886 1200 1202 1271 spoliarent.

136 1282 170 1335 5
347 1278 484 1333 Post
516 1279 621 1332 hoc
646 1277 917 1347 proelium
943 1275 1207 1329 collatum
1233 1293 1392 1328 omne
1416 1274 1625 1328 bellum
1650 1279 1736 1328 est
1765 1276 1910 1330 circa

139 1370 163 1410 2
198 1354 527 1410 Corinthum
574 1354 804 1423 ideoque
853 1350 1204 1406 Corinthium
1253 1353 1338 1404 est
1386 1350 1742 1420 appellatum.
1818 1351 1909 1405 hic

198 1450 321 1484 cum
369 1449 477 1484 una
525 1446 709 1500 pugna
757 1428 943 1481 decem
991 1425 1144 1478 milia
1184 1425 1430 1479 hostium
1469 1425 1732 1496 Agesilao
1774 1425 1908 1480 duce

198 1506 523 1560 cecidissent
556 1522 726 1573 eoque
766 1502 914 1556 facto
950 1519 1079 1571 opes
1122 1500 1557 1554 adversariorum
1590 1501 1908 1554 debilitatae

197 1581 527 1649 viderentur,
567 1582 787 1632 tantum
821 1577 960 1630 afuit
993 1577 1061 1628 ab
1095 1576 1391 1628 insolentia
1423 1575 1648 1646 gloriae,
1679 1580 1742 1629 ut
1767 1594 1907 1630 com-

198 1653 491 1710 miseratus
543 1655 616 1708 sit
663 1653 943 1707 fortunam
985 1649 1268 1720 Graeciae,
1320 1650 1464 1721 quod
1511 1654 1627 1704 tam
1675 1651 1838 1704 multi
1879 1669 1910 1704 a

200 1751 255 1785 se
296 1732 429 1785 victi
469 1730 605 1783 vitio
648 1728 1085 1782 adversariorum
1117 1726 1505 1780 concidissent:
1544 1744 1780 1796 namque
1813 1726 1910 1779 illa

200 1806 569 1875 multitudine,
612 1805 658 1858 si
701 1822 833 1857 sana
873 1821 1026 1856 mens
1067 1805 1239 1871 esset,
1280 1800 1538 1854 Graeciae
1580 1801 1908 1871 supplicium

143 1897 167 1937 3
201 1882 396 1935 Persas
454 1882 580 1934 dare
637 1879 898 1950 potuisse.
984 1877 1130 1930 idem
1185 1895 1308 1930 cum
1365 1876 1704 1930 adversarios
1760 1877 1909 1930 intra

203 1957 419 2011 moenia
452 1955 810 2025 compulisset
842 1957 897 2007 et
928 1956 991 2006 ut
1017 1951 1345 2007 Corinthum
1379 1955 1723 2036 oppugnaret
1747 1952 1907 2005 multi

202 2032 573 2100 hortarentur,
605 2031 829 2101 negavit
860 2029 915 2082 id
950 2047 1078 2082 suae
1103 2027 1298 2080 virtuti
1323 2027 1632 2080 convenire:
1674 2045 1731 2080 se
1764 2027 1910 2080 enim

204 2127 327 2162 eum
369 2125 485 2161 esse
529 2075 731 2174 [dixit]‚
774 2105 866 2174 qui
907 2104 973 2156 ad
1015 2102 1257 2157 officium
1295 2105 1584 2173 peccantes
1617 2095 1792 2155 redire
1826 2120 1909 2156 co·

203 2185 374 2281 geret,
414 2201 524 2236 non
557 2181 651 2250 qui
684 2181 847 2234 urbes
872 2179 1246 2232 nobilissimas
1271 2180 1610 2250 expugnaret
1635 2175 1908 2231 Graeciae.

143 2272 169 2312 4
203 2257 356 2312 nam
400 2257 470 2310 si'
513 2256 748 2326 inquit
755 2273 846 2308 eos
888 2255 1234 2325 exstinguere
1275 2252 1629 2322 voluerimuS,
1677 2253 1771 2322 (1111
1818 2271 1910 2306 no-

204 2333 417 2387 biscum
459 2333 716 2386 adversus
757 2331 1022 2383 barbaros
1064 2332 1359 2398 steterunt,
1405 2330 1624 2381 nosmet
1663 2327 1769 2397 ipsi
1807 2346 1909 2382 nos

206 2408 698 2479 expugnaverimus
754 2406 864 2458 illis
924 2405 1345 2474 quiescentibus.
1425 2421 1532 2472 quo
1587 2401 1735 2457 facto
1793 2403 1909 2456 sine

206 2484 446 2555 negotiO,
488 2502 611 2537 cum
650 2481 948 2547 voluerint,
987 2498 1086 2533 nos
1129 2477 1474 2549 oppriment'

147 2560 179 2612 6
356 2558 586 2612 Interim
637 2557 834 2611 accidit
880 2556 977 2608 illa
1028 2555 1313 2608 calamitas
1354 2552 1496 2623 apud
1536 2552 1773 2607 Leuctra
1810 2551 1910 2606 La-

209 2633 585 2688 cedaemoniis.
654 2651 760 2702 quo
800 2650 867 2685 ne
908 2631 1359 2700 proficisceretur,
1400 2647 1523 2682 cum
1564 2648 1594 2682 a
1632 2628 1910 2699 plerisque

209 2708 275 2762 ad
324 2710 625 2762 exeundum
674 2707 1070 2777 impelleretur,
1121 2708 1184 2758 ut
1224 2705 1268 2757 si
1318 2704 1381 2757 de
1430 2704 1579 2758 exitu
1626 2704 1910 2771 divinaret,

206 2785 466 2837 excusavit
518 2788 828 2837 smzectutem.
907 2781 1073 2850 idem,
1129 2799 1251 2833 cuin
1302 2778 1711 2850 Epaminondas
1752 2776 1910 2847 Spar-

208 2864 323 2912 tam
365 2864 708 2929 oppugnaret
749 2860 999 2926 essetque
1041 2857 1156 2909 sine
1198 2855 1368 2908 muris
1409 2854 1692 2924 oppidum,
1742 2852 1911 2906 talem

210 2953 267 2987 se
323 2935 712 3003 imperatorem
776 2932 1056 3003 praebuit,
1118 2934 1181 2984 ut
1236 2950 1298 2984 eo
1355 2934 1601 3000 tempore
1657 2928 1909 2982 omnibus
