2164 3358
591 152 737 199 XVII.
772 148 1131 198 AGESILAUS.
1181 154 1261 194 6—
1273 153 1314 193 8.
1745 144 1817 197 69

82 279 431 354 apparuerit,
485 278 593 334 nisi
650 278 745 332 ille
802 276 1028 345 fuisset,
1086 271 1347 344 Spartam
1405 270 1653 325 futuram
1708 287 1818 323 non

82 358 270 414 fuisse.
348 355 407 410 in
448 374 558 427 quo
602 354 823 426 quidem
876 351 1194 406 discrimine
1238 348 1494 403 celeritas
1537 347 1654 400 eius
1698 363 1820 399 con·
1856 359 1880 397 2

84 434 197 491 silii
232 432 402 488 saluti
443 431 552 487 fuit
585 429 874 486 universis.
937 446 1068 482 nam
1103 445 1228 481 cum
1255 425 1480 496 quidam
1509 422 1822 477 adulescen—

83 511 191 568 tuli
245 508 497 564 hostium
550 508 790 562 adventu
846 504 1132 576 perterriti
1183 502 1250 556 ad
1300 501 1596 555 Thebanos
1646 502 1823 552 trans-

83 587 279 662 fugere
311 585 519 641 vellent
551 588 609 640 et
640 584 825 638 locum
867 585 1024 635 extra
1057 580 1252 634 urbem
1286 578 1496 632 editum
1532 576 1826 647 cepissent,

85 663 409 738 Agesilaus,
458 661 553 734 qui
600 658 1138 731 perniciosissimum
1180 655 1298 709 fore
1339 654 1575 723 videret,
1625 653 1672 706 si
1714 650 1825 705 ani·

87 741 441 798 madversum
497 740 647 793 esset
703 753 1040 806 quemquam
1098 733 1165 787 ad
1222 732 1415 786 hostes
1475 729 1825 800 transfugere

89 817 301 888 conari,
349 833 475 871 cum
523 813 638 869 suis
688 831 753 867 eo
803 811 957 866 venit
1005 814 1196 880 atque,
1247 812 1311 862 ut
1360 807 1406 861 si
1449 808 1595 861 bono
1640 805 1825 859 animo

89 895 368 962 fecissent,
407 890 658 947 laudavit
698 888 994 944 consilium
1036 905 1244 956 eorum,
1287 883 1433 956 quod
1476 902 1602 937 eum
1642 882 1825 935 locum

89 971 478 1043 occupassent:
517 966 574 1022 id
615 984 673 1021 se
707 984 927 1037 quoque
960 964 1081 1019 fieri
1115 963 1314 1018 debere
1351 958 1826 1015 animadvertisse.

89 1048 169 1105 sic
226 1045 607 1101 adulescentes
666 1042 930 1098 simulata
986 1039 1309 1095 laudatione
1365 1035 1715 1108 recuperavit
1772 1037 1827 1088 et
1862 1047 1887 1087 3

89 1122 367 1182 adiunctis
424 1122 490 1176 de
548 1120 662 1175 suis
721 1118 1020 1174 comitibus
1085 1117 1269 1172 locum
1335 1119 1520 1170 tutum
1586 1110 1827 1182 reliquit.

88 1219 330 1273 namque
364 1198 448 1253 illi
483 1197 699 1253 adiecto
734 1214 964 1251 numero
1000 1212 1207 1264 eorum,
1250 1193 1341 1263 qui
1379 1193 1634 1262 expertes
1670 1190 1831 1243 erant

91 1277 327 1347 consilii,
368 1292 715 1331 commovere
759 1291 815 1327 se
857 1291 967 1327 non
1010 1274 1141 1325 sunt
1182 1269 1302 1324 ausi
1338 1288 1512 1339 eoque
1547 1265 1829 1334 libentius,

92 1355 239 1428 quod
279 1354 456 1408 latere
498 1351 920 1406 arbitrabantur
961 1367 1101 1418 quae
1144 1347 1544 1419 cogitaverant.

247 1428 378 1486 Sine
434 1428 603 1483 dubio
660 1430 792 1498 post
848 1425 1199 1480 Leuctricam
1260 1440 1505 1495 pugnam
1563 1418 1830 1473 Lacedae·
1868 1417 1894 1467 ’ἱ

95 1508 266 1564 monii
317 1525 377 1561 se
423 1522 728 1575 numquam
778 1502 1093 1557 refecerunt
1140 1518 1318 1570 neque
1377 1497 1678 1570 pristinum
1734 1495 1833 1547 im-

91 1585 309 1658 perium
334 1583 749 1653 recuperarunt,
782 1599 907 1634 cum
942 1578 1169 1633 interim
1203 1594 1507 1646 numquam
1534 1572 1832 1646 Agesilaus

91 1661 313 1718 destitit
364 1658 804 1731 quibuscumque
861 1656 1026 1710 rebus
1084 1657 1276 1726 posset
1331 1652 1572 1724 patriam
1629 1651 1833 1703 iuvare.

91 1757 223 1795 nam
264 1755 390 1792 cum
428 1734 725 1808 praecipue
759 1732 1183 1788 Lacedaemonii
1227 1730 1543 1802 indigerent
1585 1725 1834 1798 pecunia,
1867 1737 1893 1777 2

94 1816 189 1871 ille
230 1812 506 1883 omnibus,
547 1811 641 1883 qui
685 1829 716 1864 a
757 1828 887 1882 rege
930 1809 1270 1878 defecerant,
1311 1805 1588 1878 praesidio
1630 1803 1761 1857 fuit:
1803 1820 1834 1854 a

95 1891 296 1965 quibus
353 1906 558 1963 magna
613 1887 853 1942 donatus
911 1885 1143 1956 pecunia
1207 1884 1448 1955 patriam
1508 1878 1832 1935 sublevavit.

96 1972 265 2040 atque
289 1967 348 2022 in
370 1966 480 2021 hoc
504 1964 641 2020 illud
669 1963 924 2036 inprimis
951 1962 1059 2017 fuit
1078 1961 1422 2030 admirabile,
1450 1978 1574 2013 cum
1594 1956 1834 2011 maxima
1868 1969 1893 2008 3

96 2062 327 2101 munera
365 2043 416 2098 ei
457 2042 527 2097 ab
568 2042 795 2114 regibus
838 2059 899 2094 ac
943 2039 1195 2110 dynastis
1239 2036 1673 2106 civitatibusque
1711 2051 1834 2087 con-

94 2121 397 2190 ferrentur,
438 2118 584 2190 quod
625 2118 765 2172 nihil
808 2135 1072 2188 umquam
1115 2115 1340 2170 domum
1382 2132 1539 2168 suam
1581 2109 1835 2177 contulit,

94 2198 235 2255 nihil
261 2197 328 2252 de
353 2196 522 2267 victu,
553 2194 693 2250 nihil
722 2194 787 2248 de
815 2194 1021 2248 vestitu
1051 2191 1331 2247 Laconum
1360 2188 1613 2245 mutavit.
1668 2187 1832 2239 domo
1866 2200 1893 2239 4

97 2274 287 2331 eadem
344 2272 455 2328 fuit
511 2275 830 2340 contentuS‚
888 2289 996 2341 qua
1044 2268 1452 2341 Eurysthenes,
1510 2263 1836 2336 progenitor

99 2351 372 2407 maiorum
429 2367 687 2417 suorum,
744 2347 926 2402 fuerat
983 2365 1139 2400 usus:
1206 2364 1370 2416 quam
1429 2343 1522 2413 qui
1580 2342 1835 2408 intrarat,

98 2425 312 2483 nullum
360 2426 583 2500 signum
632 2424 905 2494 libidinis,
955 2422 1167 2478 nullum
1212 2422 1458 2476 luxuriae
1510 2418 1692 2471 videre
1743 2434 1834 2486 po-

100 2505 264 2573 terat,
302 2507 497 2559 contra
529 2521 594 2558 ea
631 2502 871 2573 plurima
906 2500 1209 2571 patientiae
1245 2503 1410 2568 atque
1445 2494 1834 2549 abstinentiae.

100 2579 181 2635 sic
221 2578 370 2635 enim
409 2583 532 2635 erat
570 2579 862 2648 instructa,
905 2581 968 2631 ut
1010 2578 1065 2631 in
1108 2576 1261 2630 nulla
1303 2593 1359 2627 re
1402 2572 1648 2626 differret
1680 2588 1714 2624 α
1747 2589 1834 2624 cu-

100 2655 274 2711 iusvis
314 2654 497 2727 inopis
539 2660 707 2727 atque
748 2654 970 2727 privati.

252 2731 438 2803 Atque
486 2731 580 2787 hic
627 2735 819 2786 tantus
870 2732 954 2784 vir
1002 2734 1065 2785 ut
1106 2733 1363 2784 naturam
1407 2726 1698 2781 fautricem
1741 2725 1833 2779 ha-
1869 2726 1897 2778 5:

98 2809 299 2866 buerat
338 2807 396 2862 in
436 2807 746 2863 tribuendis
797 2807 967 2862 animi
1019 2806 1361 2874 virtutibuS,
1396 2804 1473 2858 sic
1523 2802 1830 2856 maleficam

0 2888 5 2922 ³
97 2888 296 2942 nactus
345 2887 432 2939 est
478 2883 536 2938 in
583 2901 814 2955 corpore
864 2883 1146 2956 fingendo:
1199 2899 1327 2935 nam
1369 2884 1426 2935 et
1467 2883 1684 2933 statura
1727 2878 1832 2930 suit

7 2991 13 2995 ·
96 2961 297 3018 humili
331 2964 389 3016 et
419 2977 650 3031 corpore
683 2961 883 3033 exiguo
918 2965 974 3015 et
1010 2958 1236 3014 claudus
1272 2957 1448 3012 altero
1484 2955 1633 3027 pede.
1692 2971 1831 3023 quae

98 3055 189 3097 res
241 3037 411 3095 etiam
466 3035 789 3092 nonnullam
847 3036 1115 3091 afferebat
1171 3033 1607 3100 deformitatem,
1665 3034 1830 3099 atque
