2164 3358
666 71 789 119 xlv.
825 70 1138 119 DATAMES.
1193 79 1323 117 1—3.
1796 75 1869 126 49

679 230 840 293 XIV.
890 228 1301 291 DATAMES.

275 347 570 420 Datames,
626 355 786 422 patre
836 349 1147 421 Camisare,
1199 350 1427 404 natione
1478 348 1642 420 Care,
1693 354 1871 405 matre
1912 352 1939 403 1

124 425 419 499 Scythissa
451 431 636 498 natus,
668 427 911 498 primum
946 426 1191 480 militum
1225 428 1285 481 in
1317 446 1548 482 numero
1582 427 1691 481 fuit
1725 427 1871 498 apud

122 503 474 559 Artaxerxen
515 522 725 574 eorum,
766 503 861 574 qui
903 504 1115 575 regiam
1159 504 1477 558 tuebantur.
1551 508 1712 574 pater
1753 504 1871 558 eius

123 578 466 652 CamisareS,
518 579 666 651 quod
707 583 764 634 et
805 599 974 634 manu
1014 580 1179 634 fortis
1222 585 1280 635 et
1320 581 1468 635 bello
1513 586 1773 635 strenuus
1816 585 1873 634 et

122 658 245 731 regi
286 656 480 712 multis
520 655 659 711 locis
702 656 882 710 fidelis
924 662 1046 711 erat
1086 661 1371 728 repertuS,
1412 657 1612 711 habuit
1653 657 1872 728 provin·

124 734 269 790 ciam
323 736 543 805 partem
592 731 821 788 Ciliciae
874 733 1032 787 iuxta
1081 731 1520 805 Cappadociam,
1577 753 1744 805 quam
1794 734 1873 788 in-

124 811 319 867 colunt
363 808 684 881 Leucosyri.
764 808 1035 864 Datames
1086 810 1330 865 militare
1381 830 1582 865 munus
1633 811 1871 883 fungens
1908 828 1934 864 2

123 887 391 961 primum,
432 886 614 957 qualis
656 891 830 956 esset,
878 887 1100 958 aperuit
1140 888 1197 941 in
1240 888 1413 958 bello,
1455 887 1603 958 quod
1646 907 1742 941 rex
1784 888 1873 941 ad-

122 982 317 1019 versus
358 959 631 1019 Cadusios
675 964 868 1036 gessit.
947 983 1188 1035 namque
1237 964 1329 1019 hic
1371 965 1561 1036 magni
1604 964 1714 1018 fuit
1755 964 1873 1019 eius

123 1059 309 1113 opera.
389 1058 499 1111 quo
552 1040 766 1095 factum
815 1047 923 1111 est,
982 1061 1107 1095 cum
1157 1041 1214 1095 in
1264 1061 1327 1096 eo
1378 1042 1527 1095 bello
1579 1041 1874 1096 cecidisset

124 1116 458 1188 CamisareS,
497 1122 559 1172 ut
597 1123 833 1188 paterna
873 1118 923 1172 ei
966 1118 1282 1172 traderetur
1322 1119 1624 1189 provincia.

278 1193 411 1249 Pari
451 1212 511 1249 se
552 1194 760 1249 virtute
801 1199 998 1265 postea
1047 1195 1330 1266 praebuit,
1383 1215 1511 1250 cum
1553 1195 1873 1266 Autophro-
1907 1195 1945 1249 2

124 1271 285 1327 dates
324 1271 481 1325 iussu
522 1271 672 1344 regis
714 1271 863 1326 bello
904 1277 1335 1343 persequeretur
1376 1291 1470 1326 eos
1521 1273 1615 1343 qui
1666 1272 1875 1326 defece-

126 1352 269 1403 rant.
348 1366 589 1419 namque
637 1347 804 1402 huius
855 1367 1024 1418 opera
1076 1348 1293 1418 hosteS,
1351 1369 1477 1403 cum
1527 1353 1713 1402 castra
1762 1350 1875 1403 iam

129 1425 458 1495 intrassent,
513 1424 706 1479 multis
761 1425 988 1479 milibus
1043 1426 1327 1498 regiorum
1384 1425 1697 1480 interfectis
1752 1446 1876 1496 pro-

125 1501 309 1576 fligati
334 1505 467 1556 sunt
490 1501 878 1572 exercitusque
912 1502 1159 1574 reliquus
1186 1508 1551 1557 conservatus
1578 1503 1728 1575 regis
1764 1507 1873 1556 est:

125 1598 238 1651 qua
277 1597 344 1633 ex
383 1597 442 1633 re
484 1578 791 1632 maioribus
841 1579 1006 1633 rebus
1056 1599 1314 1650 praeesse
1364 1581 1563 1650 coepit.
1644 1584 1765 1634 erat
1808 1599 1872 1634 eo
1908 1593 1935 1633 2

125 1659 379 1727 tempore
404 1654 597 1726 Thuys
623 1655 888 1726 dynastes
915 1655 1352 1729 Paphlagoniae,
1387 1658 1620 1728 antiquo
1655 1676 1874 1729 genere,

126 1736 284 1788 ortus
325 1750 359 1786 a
399 1730 734 1804 Pylaemene
775 1733 898 1804 illo,
951 1751 1117 1804 quem
1159 1733 1438 1788 Homerus
1480 1734 1681 1788 Troico
1724 1734 1872 1789 bello

126 1828 161 1864 a
192 1807 456 1864 Patroclo
497 1808 858 1864 interfectum
892 1810 986 1863 ait.
1052 1810 1099 1864 is
1142 1812 1261 1882 regi
1305 1811 1454 1865 dicto
1498 1811 1726 1865 audiens
1761 1831 1872 1865 non
1909 1825 1933 1862 3

126 1890 263 1942 erat.
323 1904 493 1957 quam
535 1886 605 1940 ob
649 1905 874 1940 causam
917 1886 1065 1941 bello
1108 1907 1233 1941 eum
1274 1888 1533 1959 persequi
1577 1889 1873 1943 constituit

126 1963 288 2035 eique
321 1962 402 2017 rei
434 1962 706 2035 praefecit
730 1961 1026 2036 Datamen,
1059 1965 1436 2035 propinquum
1464 1964 1873 2038 Paphlagonis:

124 2058 368 2111 namque
409 2058 476 2094 ex
516 2040 689 2094 fratre
732 2045 789 2094 et
822 2059 1012 2095 sorore
1047 2048 1207 2095 erant
1240 2041 1375 2096 nati.
1442 2060 1608 2113 quam
1644 2043 1714 2096 ob
1752 2062 1874 2096 cau-

126 2136 247 2173 sam
288 2115 558 2171 Datames
599 2117 844 2188 primum
885 2118 1124 2189 experiri
1174 2119 1377 2190 voluit,
1428 2123 1493 2174 ut
1541 2119 1659 2173 sine
1703 2119 1872 2173 armis

125 2193 502 2266 propinquum
544 2193 613 2248 ad
654 2194 902 2249 officium
944 2195 1246 2250 reduceret.
1311 2196 1380 2250 ad
1422 2215 1586 2266 quem
1629 2215 1753 2249 cum
1789 2215 1875 2249 ve-

127 2269 305 2326 nisset
344 2270 464 2325 sine
504 2271 800 2342 praesidiO,
841 2271 989 2342 quod
1030 2272 1099 2326 ab
1143 2273 1321 2327 amico
1363 2273 1545 2327 nullas
1591 2277 1874 2326 vereretur

130 2344 382 2419 insidias,
422 2366 596 2419 paene
638 2348 878 2402 interiit:
942 2368 1073 2403 nam
1115 2348 1306 2420 Thuys
1348 2369 1474 2404 eum
1518 2349 1662 2402 clam
1705 2349 1872 2402 ‘mter-

129 2420 292 2478 ficere
330 2424 524 2480 voluit.
585 2429 706 2479 erat
747 2429 927 2479 mater
968 2445 1094 2480 cum
1128 2425 1385 2497 Datame,
1428 2426 1601 2479 amita
1635 2424 1871 2497 Paphla·
1904 2442 1933 2481 4

129 2497 310 2628 gonis-
364 2519 432 2556 ea
463 2501 595 2572 quid
629 2506 891 2574 ageretur
924 2503 1116 2557 resciit
1156 2503 1444 2573 filiumque
1487 2502 1718 2556 monuit.
1776 2503 1870 2556 ille
1906 2519 1933 2557 5

153 2592 265 2647 uga
302 2576 608 2647 periculum
650 2579 882 2633 evitavit
923 2580 1243 2650 bellumque
1278 2580 1479 2633 indixit
1511 2578 1748 2650 Thuyni.
1814 2580 1871 2633 in

130 2669 241 2723 quo
282 2670 409 2707 cum
448 2653 518 2708 ab
558 2655 963 2727 Ariobarzane,
1004 2658 1288 2728 praefecto
1331 2656 1538 2727 Lydiae
1581 2660 1639 2709 et
1680 2655 1870 2710 Ioniae

129 2727 416 2799 totiusque
440 2726 735 2804 Phrygiae,
775 2732 1029 2787 desertus
1072 2738 1236 2802 esset,
1277 2733 1455 2787 nihilo
1490 2732 1716 2804 segnius
1752 2753 1871 2803 per·

128 2805 406 2860 severavit
437 2804 731 2878 vivumque
765 2808 966 2881 Thuyn
1000 2811 1149 2880 cepit
1191 2828 1316 2863 cum
1359 2829 1527 2864 uxore
1571 2815 1627 2863 et
1662 2810 1869 2862 liberis,

282 2880 453 2937 Cuius
502 2880 638 2936 facti
685 2902 754 2939 ne
802 2887 956 2956 prius
1006 2887 1156 2941 fama
1197 2886 1266 2940 ad
1308 2904 1496 2959 regem
1540 2906 1706 2957 quam
1752 2886 1868 2955 ipse
1903 2887 1939 2941 3

126 2958 466 3030 perveniret,
507 2957 660 3013 dedit
700 2978 941 3032 operam.
1021 2964 1210 3034 itaque
1253 2963 1510 3018 omnibus
1554 2963 1742 3016 insciis
1787 2981 1870 3033 eo,

219 3055 454 3091 comum
481 3057 629 3091 Natos.
1566 3058 1591 3093 ,χ
