2019 3310
193 175 266 227 20
806 165 860 208 v.
898 160 1105 207 0111011.
1154 165 1284 204 2—4.

195 295 455 366 oppidum
502 287 881 359 Amphipolim
932 281 1222 338 constituit
1276 296 1448 348 eoque
1501 278 1687 332 decem
1741 275 1895 330 milia

196 368 614 424 Atheniensium
654 364 710 415 in
751 360 1023 414 coloniam
1062 356 1228 410 misit.
1306 354 1451 406 idem
1495 352 1697 406 iterum
1741 352 1894 419 impe.

195 450 340 498 rator
388 442 529 511 apud
569 437 819 507 Mycalen
859 433 1187 503 Cypriorum
1228 432 1283 482 et
1322 426 1658 480 Phoenicum
1704 425 1884 479 ducen-

139 537 165 576 3
198 524 379 573 tarum
426 515 645 568 navium
693 512 923 564 classem
971 507 1240 559 devictam
1289 502 1435 571 cepit
1474 501 1771 570 eodemque
1810 499 1896 553 die

199 594 319 664 pari
358 592 580 644 fortuna
617 588 674 639 in
715 590 862 638 terra
899 600 1030 636 usus
1072 583 1169 633 est.
1246 594 1480 645 namque
1523 575 1769 628 hostium
1805 591 1898 627 na·

200 669 357 721 vibus
399 663 573 734 captis
615 661 805 714 statim
845 677 909 711 ex
950 656 1121 710 classe
1162 653 1346 723 copias
1387 668 1512 704 suas
1552 649 1741 703 eduxit
1777 648 1897 701 bar—

200 745 565 808 barorumque
621 735 915 789 maximam
956 732 1068 783 vim
1107 747 1214 782 uno
1263 743 1530 780 concursu
1582 723 1898 794 prostravit.

142 824 169 863 4
204 836 310 887 qua
356 813 587 868 victoria
634 828 833 881 magna
880 805 1080 876 praeda
1126 803 1336 873 potitus
1386 818 1509 854 cum
1556 799 1778 852 domum
1821 815 1901 849 re-

202 893 528 956 verteretur,
579 885 722 956 quod
762 885 872 936 iam
911 879 1203 934 nonnullae
1243 876 1453 929 insulae
1492 876 1719 944 propter
1759 889 1901 925 acer·

201 967 436 1020 bitatem
467 961 681 1031 imperii
714 958 1037 1023 defecerant,
1069 955 1205 1005 bene
1238 951 1508 1003 animatas
1543 946 1901 1014 confirmavit,

145 1049 172 1088 5
206 1042 469 1095 alienatas
512 1037 576 1088 ad
618 1034 860 1088 officium
893 1029 1066 1082 redire
1100 1026 1295 1097 coegit.
1356 1022 1601 1093 Scyrum,
1641 1040 1805 1092 quam
1837 1038 1901 1073 eo

206 1121 451 1183 tempore
477 1111 717 1178 Dolopes
750 1105 1079 1171 incolebant,
1111 1100 1256 1170 quod
1289 1098 1663 1152 contumacius
1696 1114 1754 1150 se
1787 1113 1903 1167 ges-

207 1193 414 1258 serant,
452 1184 774 1251 vacuefecit,
813 1195 1157 1250 possessores
1197 1177 1405 1228 veteres
1443 1172 1580 1225 urbe
1617 1170 1903 1239 insulaque

209 1265 382 1332 eiecit,
423 1279 584 1332 agros
626 1258 835 1312 civibus
876 1253 1076 1306 divisit.
1140 1249 1372 1303 Thasios
1412 1245 1693 1316 opulentia
1730 1243 1903 1298 fretos

210 1358 308 1393 3110
350 1338 584 1391 adventu
625 1332 805 1403 fregit.
866 1329 955 1381 his
994 1346 1059 1380 ex
1099 1323 1371 1378 manubiis
1412 1340 1509 1375 arx
1547 1319 1906 1388 Athenarum,

212 1433 318 1484 qua
358 1413 424 1465 ad
465 1409 744 1463 meridiem
785 1404 980 1474 vergit,
1020 1404 1104 1454 est
1144 1403 1350 1452 ornata.

151 1485 185 1538 3
361 1486 571 1549 Quibus
599 1483 780 1535 ·rebus
831 1497 953 1532 cum
1001 1494 1140 1529 unus
1181 1475 1238 1527 in
1279 1473 1501 1526 civitate
1541 1470 1776 1524 maxime
1814 1468 1908 1522 flo-

212 1567 379 1630 reret,
433 1559 623 1613 incidit
678 1557 734 1608 in
782 1553 1005 1607 eandem
1055 1549 1315 1602 invidiam
1357 1565 1520 1615 quam
1570 1549 1728 1615 pater
1778 1561 1908 1596 suus

212 1638 487 1705 ceterique
528 1630 946 1686 Atheniensium
986 1624 1280 1695 principes:
1328 1640 1454 1674 nam
1494 1623 1763 1673 testarum
1802 1616 1910 1670 suf-

213 1713 405 1783 fragiis
448 1708 615 1778 [quod
656 1706 738 1758 illi
778 1700 1122 1767 ὀετρακιεμόν
1158 1699 1377 1763 vocant]
1420 1696 1605 1748 decem
1644 1710 1910 1746 annorum

155 1797 182 1837 2
216 1788 377 1841 exilio
420 1784 687 1838 multatus
729 1783 827 1832 est.
905 1776 1057 1830 cuius
1105 1773 1239 1826 facti
1280 1770 1507 1825 celerius
1547 1768 1911 1822 Athenienses

217 1881 380 1933 quam
420 1861 601 1929 ipsum
641 1853 926 1926 paenituit.
988 1868 1115 1904 nam
1149 1866 1271 1901 cum
1310 1846 1403 1898 ille
1444 1843 1625 1897 animo
1664 1842 1796 1896 forti
1836 1842 1914 1895 in·

217 1938 393 1990 vidiae
448 1936 790 2003 ingratorum
839 1927 1038 1981 civium
1085 1923 1340 1977 cessisset
1393 1919 1706 1987 bellumque
1752 1915 1915 1970 Lace·

221 2010 490 2066 daemonii
540 2003 968 2060 Atheniensibus
1019 1998 1365 2064 indixissent,
1416 1992 1706 2048 confestim
1751 1995 1914 2046 notae

160 2099 185 2138 3
222 2088 334 2141 eius
375 2083 595 2137 virtutis
636 2078 960 2132 desiderium
1003 2075 1354 2127 consecutum
1393 2072 1492 2122 est.
1561 2068 1747 2137 itaque
1786 2068 1916 2136 post

221 2178 421 2215 annum
461 2158 737 2228 quintum,
778 2171 940 2221 quam
982 2148 1240 2218 expulsus
1279 2148 1421 2214 erat,
1466 2143 1523 2197 in
1562 2141 1799 2212 patriam
1838 2157 1916 2192 re·

221 2239 447 2290 vocatus
503 2236 602 2285 est.
683 2229 805 2296 ille,
869 2225 1011 2294 quod
1065 2221 1309 2292 hospitio
1366 2215 1916 2272 Lacedaemoniorum

222 2312 497 2377 utebatur,
537 2306 711 2360 satius
743 2301 1063 2355 existimans
1098 2296 1348 2351 Graeciae
1377 2294 1605 2348 civitates
1633 2290 1695 2345 de
1723 2293 1917 2344 contro·

222 2387 401 2439 versiis
440 2384 550 2436 suis
588 2382 722 2433 inter
760 2394 811 2430 se
849 2377 961 2427 iure
999 2374 1279 2439 disceptare
1315 2384 1474 2437 quam
1502 2365 1670 2420 armis
1700 2368 1918 2419 conten·

226 2461 365 2527 dere,
405 2456 865 2510 Lacedaemonem
907 2467 1005 2500 sua
1044 2449 1237 2515 sponte
1278 2447 1364 2496 est
1402 2440 1678 2512 profectus
1711 2457 1920 2510 pacem·

168 2545 196 2586 4
229 2553 330 2604 que
366 2535 506 2585 inter
541 2531 674 2583 duas
700 2523 1111 2598 potentissimas
1138 2519 1388 2573 civitates
1414 2515 1739 2570 conciliavit.
1778 2516 1920 2585 post,

229 2627 401 2677 neque
451 2608 525 2658 ita
575 2604 773 2670 multo,
825 2597 1066 2668 Cyprum
1107 2613 1228 2648 cum
1267 2590 1514 2645 ducentis
1554 2589 1785 2643 navibus
1824 2588 1921 2642 im·

230 2688 448 2755 perator
506 2681 724 2745 missus,
780 2692 902 2728 cum
959 2672 1072 2724 eius
1129 2668 1388 2721 maiorem
1445 2668 1657 2735 partem
1711 2663 1920 2718 insulae

231 2757 533 2823 devicisset,
567 2755 617 2805 in
655 2751 904 2804 morbum
936 2744 1235 2815 implicitus
1269 2742 1324 2794 in
1357 2739 1697 2809 oppuqnando
1720 2736 1919 2808 oppido

233 2833 378 2888 Citio
419 2833 503 2882 est
545 2831 806 2880 mortuus,

173 2907 209 2959 4
382 2904 540 2957 Hunc
575 2901 936 2954 Athenienses
968 2914 1075 2949 non
1117 2893 1292 2946 solum
1333 2892 1389 2944 in
1428 2890 1589 2959 bello,
1629 2886 1722 2942 sed
1757 2885 1922 2940 etiam

234 2984 291 3036 in
322 2999 452 3054 pace
477 2979 567 3031 diu
593 2974 1048 3029 desideraverunt.
1101 2967 1207 3021 fuit
1231 2966 1373 3020 enim
1398 2968 1557 3019 tanta
1578 2960 1924 3030 liberalitate,
