2019 3310
175 109 248 161 24
676 103 777 150 VII.
811 101 1188 148 ALCIBIADES.
1239 106 1367 146 1—3.

114 245 139 285 3
174 234 338 300 atque
371 228 651 296 orationiS,
683 230 747 280 ut
778 243 937 279 nemo
972 224 1021 278 ei
1053 226 1242 293 posset
1273 222 1552 292 resistere;
1590 240 1714 276 cum
1746 224 1878 274 tem-

175 325 277 376 pus
318 307 582 375 posceret,
622 302 945 369 laboriosus,
984 299 1222 369 patiens;
1261 297 1521 366 liberalis,
1561 296 1877 366 splendidus

174 399 286 434 non
319 380 496 433 minus
531 379 587 430 in
619 377 735 429 vita
769 393 932 445 quam
963 374 1136 443 victu,
1177 371 1428 441 affabilis,
1466 372 1714 441 blandus,
1746 375 1878 424 tem-

116 469 144 508 4
175 456 400 526 poribus
459 452 808 506 callidissime
866 449 1130 502 serviens:
1194 448 1360 518 idem,
1416 447 1643 500 simulac
1698 464 1754 500 se
1802 463 1879 498 re-

177 531 401 583 miserat
454 545 628 596 neque
685 543 849 579 causa
904 524 1126 577 suberat
1183 540 1348 592 quare
1405 521 1572 574 animi
1632 521 1878 574 laborem

175 604 465 675 perferret,
521 602 855 669 luxuriosuS,
907 599 1230 666 dissolutuS,
1285 597 1633 666 libidinosus,
1687 595 1878 648 intem-

176 697 371 749 perans
425 677 820 746 reperiebatur,
868 678 931 727 ut
979 691 1164 727 omnes
1215 673 1615 725 admirarentur
1668 670 1724 722 in
1770 687 1879 723 uno

175 754 394 807 homine
428 756 640 805 tantam
674 769 791 804 esse
825 748 1328 802 dissimilitudinem
1361 751 1582 815 tamque
1610 745 1880 798 diversam

176 833 445 882 naturam.

118 905 151 958 2
325 903 605 956 Educatus
639 905 724 954 est
756 901 813 953 in
845 901 1006 952 domo
1032 898 1230 951 Pericli
1257 895 1563 967 (privignus
1590 895 1736 948 enim
1765 894 1881 948 eius

177 978 345 1032 fuisse
393 976 643 1047 dicitur),
699 975 942 1028 eruditus
993 991 1023 1025 a
1073 971 1313 1025 Socrate.
1392 989 1640 1025 socerum
1686 969 1884 1023 habuit

177 1053 570 1122 Hipponicum,
627 1050 871 1104 omnium
921 1047 1128 1101 Graeca
1180 1047 1369 1118 lingua
1417 1045 1761 1115 loquentium
1808 1044 1882 1096 di·

179 1128 469 1196 tissimum,
509 1130 585 1195 ut,
627 1126 672 1178 si
711 1126 828 1194 ipse
869 1123 1073 1195 fingere
1114 1122 1295 1190 vellet,
1334 1139 1509 1190 neque
1548 1121 1708 1190 plura
1738 1120 1884 1172 bona

180 1203 426 1257 eminisci
466 1219 639 1270 neque
682 1200 889 1252 maiora
927 1201 1116 1268 posset
1158 1197 1432 1265 consequi,
1474 1214 1638 1265 quam
1676 1194 1762 1248 vel
1793 1212 1884 1247 na-

120 1293 146 1332 2
179 1282 304 1332 tura
330 1278 413 1330 vel
439 1276 661 1330 fortuna
687 1276 972 1328 tribuerat.
1021 1273 1241 1326 ineunte
1268 1270 1637 1325 adulescentia
1669 1273 1884 1322 amatus

180 1358 265 1407 est
314 1372 344 1406 a
392 1352 581 1405 multis
631 1368 780 1403 more
824 1348 1179 1417 Graecorum,
1227 1347 1284 1400 in
1332 1347 1409 1400 eis
1452 1364 1483 1399 a
1525 1344 1773 1414 Socrate,
1820 1343 1886 1396 de

181 1447 287 1498 quo
323 1428 657 1480 mentionem
690 1425 823 1478 facit
855 1423 1015 1477 Plato
1048 1424 1105 1475 in
1138 1422 1432 1492 symposio.
1494 1438 1729 1490 namque
1762 1437 1886 1472 eum

180 1503 393 1557 induxit
434 1503 954 1556 commemorantem
996 1516 1052 1551 se
1103 1501 1454 1567 pernoctasse
1495 1514 1619 1550 cum
1661 1493 1886 1548 Socrate

181 1597 354 1647 neque
395 1578 555 1630 aliter
597 1577 664 1629 ab
707 1594 769 1628 eo
812 1574 1137 1642 surrexisse,
1178 1591 1240 1626 ac
1280 1572 1424 1624 filius
1466 1589 1498 1624 a
1535 1573 1762 1640 parente
1802 1569 1887 1622 de-

122 1667 147 1706 3
181 1654 377 1707 buerit.
455 1656 814 1721 posteaquam
855 1649 1134 1702 robustior
1174 1650 1260 1700 est
1306 1646 1507 1715 factuS,
1558 1663 1668 1698 non
1708 1643 1886 1697 minus

182 1729 385 1781 multos
427 1728 653 1795 amavit,
705 1726 762 1778 in
803 1743 1032 1794 quorum
1075 1740 1282 1791 amore,
1330 1721 1508 1791 quoad
1547 1720 1761 1774 licitum
1802 1721 1890 1772 est

184 1804 386 1872 odiosa,
419 1803 594 1855 multa
619 1801 848 1854 delicate
875 1800 1162 1867 iocoseque
1188 1797 1341 1851 fecit:
1384 1814 1521 1866 quae
1546 1795 1890 1863 referremuS,

181 1879 287 1931 nisi
329 1878 536 1930 maiora
575 1877 792 1946 potiora
831 1875 1170 1928 haberemus,

123 1953 157 2006 3
332 1952 487 2005 Bello
529 1951 925 2020 Peloponnesio
977 1949 1139 2002 huius
1180 1947 1408 2001 consilio
1451 1949 1616 2015 atque
1658 1943 1889 1999 auctori-

183 2031 299 2081 tate
348 2027 711 2080 Athenienses
765 2026 971 2078 bellum
1021 2022 1378 2093 Syracusanis
1431 2021 1756 2074 indixerunt.
1822 2018 1889 2071 ad

185 2103 329 2173 quod
370 2102 666 2174 gerendum
707 2102 821 2170 ipse
864 2101 970 2153 dux
1011 2099 1252 2151 delectus
1294 2100 1401 2166 est,
1452 2097 1558 2150 duo
1606 2097 1890 2165 praeterea

127 2191 152 2230 2
187 2178 426 2249 collegae
461 2177 589 2245 dati,
624 2174 783 2229 Nicia
816 2179 871 2227 et
896 2174 1218 2227 Lamachus.
1273 2172 1329 2225 id
1362 2190 1486 2225 cum
1518 2171 1891 2241 appararetur,

187 2254 339 2322 prius
383 2270 546 2322 quam
586 2250 775 2304 classis
819 2250 1005 2319 exiret,
1046 2247 1244 2302 accidit
1276 2251 1338 2300 ut
1370 2264 1478 2300 una
1508 2248 1668 2299 nocte
1703 2261 1890 2297 omnes

188 2326 452 2396 Hermae,
508 2326 601 2396 qui
657 2326 713 2378 in
769 2324 968 2394 oppido
1025 2327 1181 2377 erant
1235 2321 1496 2390 Athenis,
1552 2319 1893 2373 deicerentur

189 2407 405 2471 practer
444 2420 628 2470 unum,
669 2400 760 2470 qui
803 2403 927 2452 ante
969 2399 1187 2451 ianuam
1228 2400 1346 2450 erat
1378 2394 1644 2449 Andocidi
1683 2393 1892 2464 (itaque

130 2493 157 2529 3
191 2477 282 2529 ille
339 2481 531 2546 postea
582 2474 884 2529 Mercurius
934 2472 1201 2526 Andocidi
1258 2471 1531 2524 vocitatus
1587 2467 1710 2539 est).
1788 2467 1893 2522 hoc

190 2570 312 2605 cum
354 2555 641 2620 appareret
679 2568 789 2604 non
826 2549 940 2602 sine
977 2565 1174 2619 magna
1207 2546 1505 2599 multorum
1538 2543 1894 2598 consensione

190 2644 308 2680 esse
350 2626 571 2695 factum,
613 2643 749 2695 quae
789 2642 899 2678 non
939 2624 1005 2676 ad
1045 2623 1332 2692 privatam,
1377 2620 1470 2673 sed
1510 2620 1577 2673 ad
1616 2618 1893 2690 publicam

191 2720 305 2755 rem
340 2702 650 2770 pertineret,
693 2717 922 2771 magnus
957 2696 1297 2751 multitudini
1331 2695 1498 2748 timor
1529 2697 1615 2749 est
1645 2694 1895 2760 iniectus,

190 2793 258 2829 ne
300 2795 405 2845 qua
446 2777 730 2845 repentina
762 2776 843 2828 vis
877 2775 932 2827 in
965 2773 1187 2827 civitate
1221 2771 1526 2839 exsisteret,
1565 2787 1703 2839 quae
1736 2767 1894 2821 liber-

129 2863 157 2903 4
192 2855 363 2904 tatem
413 2852 747 2919 opprimeret
794 2848 995 2919 populi.
1074 2847 1177 2900 hoc
1226 2847 1457 2898 maxime
1505 2843 1791 2899 convenire
1839 2841 1895 2893 in

191 2925 534 2980 Alcibiadem
562 2926 860 2994 videbatur,
894 2923 1037 2993 quod
1064 2926 1120 2975 et
1151 2921 1430 2991 potentior
1454 2923 1511 2974 et
1534 2919 1709 2973 maior
1732 2934 1895 2988 quam
