2164 3358
545 128 645 174 XV,
680 128 1149 177 EPAMINONDAS.
1199 136 1365 179 8—10.
1756 139 1823 192 61

80 253 319 324 subiret,
366 253 462 308 sed
503 273 675 308 unum
717 254 787 308 ab
830 255 898 308 iis
941 255 1164 325 petivit,
1216 259 1280 311 ut
1329 258 1385 312 in
1428 260 1683 330 sepulcro
1726 281 1826 317 suo

78 329 474 386 inscriberent:
539 329 977 402 ‘Epaminondas
1031 350 1064 385 a
1111 331 1394 388 Thebanis
1454 341 1632 390 morte
1691 339 1826 393 mul-
1860 355 1887 395 3

80 409 233 461 tatus
290 410 407 477 est,
464 406 611 478 quod
668 425 763 462 eos
821 407 1006 480 coEgit
1063 408 1208 479 apud
1267 409 1506 466 Leuctra
1563 432 1825 485 superare

79 481 567 553 Lacedaemonios,
609 501 750 555 quos
783 486 912 537 ante
939 502 996 537 se
1035 484 1432 556 imperatorem
1458 507 1622 544 nemo
1651 490 1825 547 Boeo-

79 562 266 615 torum
309 578 476 614 ausus
518 559 594 613 sit
634 559 880 630 aspicere
915 559 972 613 in
998 561 1131 632 acie,
1174 564 1430 635 quodque
1466 585 1576 620 uno
1611 569 1823 638 proelio
1858 583 1886 624 4

77 654 189 692 non
231 636 414 692 solum
438 634 660 690 Thebas
702 635 772 689 ab
815 636 1049 691 interitu
1085 641 1337 709 retraxit,
1379 642 1473 696 sed
1508 644 1680 698 etiam
1708 646 1824 699 uni-

77 730 297 768 versam
338 710 631 767 Graeciam
681 712 738 766 in
791 711 1113 768 libertatem
1156 715 1460 772 vindicavit
1509 738 1684 791 eoque
1735 741 1822 777 res

78 792 443 861 utrorumque
490 788 774 860 perduxit,
826 793 891 843 ut
931 789 1183 845 Thebani
1227 791 1490 864 Spartam
1540 816 1823 870 oppugna»

78 870 224 938 rent,
271 863 694 920 Lacedaemonii
738 866 875 921 satis
918 866 1214 939 haberent,
1267 870 1313 923 si
1356 872 1495 925 salvi
1537 891 1658 927 esse
1699 894 1822 945 pos-

78 945 219 1014 sent,
256 959 436 1013 neque
477 942 632 1013 prius
667 942 875 997 bellare
909 943 1145 1014 destitit,
1187 964 1356 1017 quam
1382 947 1637 1004 Messene
1664 953 1822 1005 resti·
1855 966 1882 1008 5

76 1021 202 1075 tuta
225 1018 421 1074 urbem
447 1036 640 1073 eorum
667 1019 959 1074 obsidione
986 1021 1224 1076 clausit?
1266 1024 1401 1080 haec
1421 1044 1545 1080 cum
1572 1027 1823 1100 dixisset,

74 1094 221 1151 risus
263 1095 513 1150 omnium
555 1114 681 1150 cum
723 1096 1009 1152 hilaritate
1052 1103 1278 1154 coortus
1317 1106 1418 1172 est,
1460 1121 1638 1173 neque
1675 1105 1821 1175 quis·

75 1190 243 1244 quam
284 1171 448 1227 iudex
490 1191 658 1226 ausus
700 1177 786 1227 est
827 1174 893 1227 de
935 1193 1000 1228 eo
1050 1174 1194 1230 ferre
1243 1178 1586 1252 suffragium.
1667 1181 1747 1236 sic
1789 1201 1821 1236 a

74 1248 280 1305 iudicio
323 1249 524 1320 capitis
567 1249 809 1304 maxima
849 1249 1108 1306 discessit
1148 1254 1343 1326 gloria.

233 1324 342 1380 Hic
384 1329 634 1380 extremo
671 1330 922 1397 tempore
957 1328 1265 1399 imperator
1296 1332 1440 1402 apud
1468 1332 1817 1389 Mantineam
1851 1336 1885 1390 9

75 1421 201 1458 cum
243 1402 360 1457 acie
401 1402 679 1457 instructa
719 1403 979 1458 audacius
1022 1405 1260 1460 instaret
1301 1408 1517 1480 hosteS,
1560 1411 1817 1483 cognitus

74 1497 110 1534 a
149 1477 621 1550 Lacedaemoniis,
662 1480 809 1550 quod
852 1481 907 1534 in
950 1482 1113 1536 unius
1156 1485 1399 1554 pernicie
1442 1486 1560 1540 eius
1603 1488 1817 1557 patriae

74 1555 245 1611 sitam
285 1555 565 1627 putabant
613 1556 876 1627 salutem,
916 1559 1161 1614 universi
1215 1561 1271 1615 in
1321 1581 1492 1616 unum
1543 1563 1817 1634 impetum

74 1630 326 1687 fecerunt
363 1650 543 1704 neque
584 1633 738 1704 prius
781 1634 1188 1707 abscesserunt,
1230 1656 1396 1708 quam
1425 1658 1627 1712 magna
1653 1642 1817 1696 caede

71 1709 212 1765 edita
245 1708 549 1781 multisque
583 1709 781 1765 occisis
815 1709 1122 1766 fortissime
1159 1714 1341 1784 ipsum
1368 1714 1816 1786 Epaminondam

72 1789 443 1859 pugnantem,
483 1804 649 1858 sparo
691 1788 905 1841 eminus
947 1808 1300 1860 percussum,
1342 1793 1629 1847 concidere
1674 1795 1816 1849 vide-

73 1865 220 1917 runt.
297 1862 464 1918 huius
513 1881 644 1918 casu
702 1864 1051 1935 aliquantum
1102 1868 1370 1922 retardati
1426 1876 1557 1923 sunt
1598 1870 1816 1942 Boeoti,
1849 1887 1875 1926 ἓ

72 1956 251 2010 neque
314 1942 502 1994 tamen
566 1940 722 2011 prius
795 1960 981 2015 pugna
1046 1949 1432 2016 excesserunt,
1505 1966 1671 2018 quam
1737 1968 1815 2002 re-

73 2019 390 2089 pugnantes
446 2017 832 2090 profligarunt.
915 2024 973 2072 at
1021 2019 1464 2093 Epaminondas,
1521 2042 1646 2078 cum
1704 2026 1815 2078 ani-
1849 2043 1873 2077 3

73 2092 448 2148 madverteret
489 2093 840 2149 mortiferum
883 2113 941 2149 se
976 2097 1174 2151 vulnus
1210 2099 1489 2170 accepisse
1524 2101 1815 2171 simulque,

72 2169 121 2225 si
163 2168 389 2241 ferrum,
430 2170 577 2241 quod
620 2189 684 2225 ex
727 2171 920 2225 hastili
962 2173 1019 2226 in
1062 2193 1292 2245 corpore
1327 2183 1687 2246 remanserat,
1729 2197 1814 2232 ex-

72 2245 353 2318 traxisset,
392 2247 637 2301 animam
661 2248 856 2302 statim
883 2249 1233 2322 emissurum,
1273 2271 1448 2324 usque
1474 2273 1538 2307 eo
1567 2255 1815 2325 retinuit,

74 2322 255 2392 quoad
296 2324 678 2378 renuntiatum
720 2329 807 2378 est
848 2325 1046 2381 vicisse
1088 2327 1348 2382 Boeotos.
1419 2330 1471 2382 id
1515 2336 1812 2401 postquam
1847 2347 1871 2384 4

74 2396 301 2471 audivit,
332 2399 513 2455 ‘satis’
540 2401 723 2472 inquit
750 2400 907 2455 ‘vixi:
948 2403 1189 2459 invictus
1217 2406 1363 2460 enim
1393 2406 1636 2460 morior?
1692 2412 1812 2462 tum

77 2471 224 2529 ferro
264 2479 516 2532 extracto
558 2476 854 2533 confestim
897 2481 1246 2535 exanimatus
1290 2487 1389 2535 est.

224 2548 333 2607 Hie
385 2572 615 2609 uxorem
672 2574 976 2626 numquam
1033 2557 1204 2611 duxit.
1286 2559 1341 2611 in
1393 2577 1501 2629 quo
1552 2579 1678 2614 cum
1734 2580 1809 2614 re·
1838 2562 1903 2615 10

73 2625 504 2698 prehenderetur
528 2649 562 2685 a
586 2630 868 2703 Pelopida,
909 2633 1002 2704 qui
1042 2634 1217 2688 filium
1253 2635 1496 2689 habebat
1532 2635 1812 2706 infamem,

74 2702 328 2775 maleque
375 2722 501 2761 eum
548 2707 606 2762 in
655 2727 719 2763 eo
768 2709 984 2779 patriae
1035 2711 1322 2765 consulere
1375 2712 1606 2783 diceret,
1665 2714 1810 2784 quod

72 2779 280 2835 liberos
320 2798 433 2836 non
473 2782 826 2856 relinqueret,
867 2784 1030 2840 ‘vide'
1072 2788 1255 2857 inquit
1282 2787 1368 2841 ‘ne
1403 2792 1465 2843 tu
1503 2790 1659 2861 peius
1687 2810 1810 2844 con·

72 2855 248 2926 sulas,
301 2857 393 2928 qui
445 2858 616 2914 talem
663 2878 731 2917 ex
780 2866 834 2916 te
883 2867 1077 2917 natum
1121 2864 1417 2919 relicturus
1461 2866 1552 2920 sis.
1632 2886 1809 2936 neque
1845 2882 1869 2918 2

70 2950 202 2988 vero
243 2933 416 3005 stirps
457 2938 646 3005 potest
685 2937 823 2992 mihi
864 2938 1076 2993 deesse:
1119 2959 1357 3012 namque
1399 2961 1463 2997 ex
1500 2962 1586 2996 me
1620 2948 1808 2996 natam

70 3008 324 3082 relinquo
373 3028 615 3083 pugnam
667 3010 1039 3086 Leuctricam,
1098 3035 1236 3087 quae
1293 3037 1404 3072 non
1459 3019 1621 3072 modo
1673 3018 1807 3071 mihi
