2164 3358
669 103 815 151 XXV.
850 107 1132 156 ATTICUS.
1186 118 1382 162 14—16.
1802 130 1910 185 109

305 221 489 279 Nemo
516 226 576 281 in
602 231 859 287 convivio
885 234 1004 289 eius
1032 236 1183 292 aliud
1210 259 1472 299 acroama
1499 248 1714 304 audivit
1741 272 1908 324 quam
1931 259 2000 313 14

150 304 517 374 anagnosten,
560 307 709 376 quod
748 327 852 364 nos
896 311 1121 381 quidem
1163 315 1629 379 iucundissimum
1672 329 1908 386 arbitra·

150 393 298 448 mur3
344 395 525 450 neque
574 400 844 455 umquam
895 388 1013 443 sine
1064 390 1253 463 aliqua
1301 395 1542 455 lectione
1592 406 1738 475 apud
1781 426 1907 463 eum

149 455 411 509 cenatum
461 460 570 528 est,
617 463 682 514 ut
721 480 835 516 non
876 464 1061 520 minus
1104 469 1291 526 animo
1336 493 1505 545 quam
1546 484 1740 536 ventre
1783 503 1907 539 con-

146 528 306 584 vivae
374 532 819 592 delectarentur:
882 558 1125 614 namque
1183 566 1278 602 eos
1337 554 1607 628 vocabat,
1666 579 1906 630 quorum
1940 578 1966 618 2

146 624 330 663 mores
372 628 406 664 a
456 611 572 666 suis
619 631 734 668 non
782 615 1166 676 abhorrerent.
1248 645 1375 682 cum
1424 633 1587 687 tanta
1634 639 1904 707 pecuniae

143 681 297 739 facta
337 691 488 741 esset
525 690 787 763 accessiO,
826 693 970 748 nihil
1005 696 1071 752 de
1106 702 1417 761 cottidiano
1454 710 1609 765 cultu
1645 717 1903 788 mutavit,

141 760 285 816 nihil
326 762 393 817 de
434 763 584 820 vitae
626 772 1051 845 consuetudine,
1101 779 1373 852 tantaque
1414 803 1548 841 usus
1592 795 1678 844 est
1720 794 1903 848 mode-

142 837 390 912 ratione,
440 844 507 895 ut
544 860 726 915 neque
766 846 826 901 in
875 853 1140 908 sestertio
1191 856 1425 932 viciens,
1476 867 1624 935 quod
1667 887 1699 922 a
1739 875 1901 941 patre

141 919 454 989 acceperat,
501 937 704 990 parum
752 942 811 978 se
861 927 1149 998 splendide
1199 939 1443 1006 gesserit
1491 959 1672 1014 neque
1722 945 1780 1001 in
1822 967 1901 1003 se·

140 992 342 1048 stertio
394 996 644 1053 centiens
696 1000 994 1060 afluentius
1044 1008 1271 1084 vixerit,
1329 1033 1499 1086 quam
1555 1020 1899 1098 instituerat,

136 1069 371 1141 parique
419 1070 654 1147 fastigio
705 1081 932 1136 steterit
979 1083 1038 1138 in
1086 1089 1326 1160 utraque
1384 1092 1630 1152 fortuna.
1710 1103 1897 1158 nullos
1933 1118 1958 1159 3

136 1145 339 1202 habuit
394 1148 594 1206 hortos
607 1197 622 1224 ,
678 1155 894 1212 nullam
953 1161 1336 1222 suburbanam
1395 1176 1494 1226 aut
1551 1177 1898 1235 maritimam

136 1227 529 1296 sumptuosam
577 1229 795 1305 villam,
843 1254 1023 1308 neque
1074 1240 1133 1294 in
1174 1241 1366 1318 Italia,
1415 1255 1642 1320 praeter
1682 1255 1895 1312 Arreti-

133 1318 270 1355 num
311 1306 370 1357 et
410 1302 857 1383 Nomentanum,
906 1316 1183 1373 rusticum
1231 1325 1549 1400 praedium,
1601 1334 1894 1406 omnisque

135 1377 253 1432 eius
302 1382 571 1452 pecuniae
620 1386 835 1443 reditus
886 1395 1186 1450 constabat
1234 1399 1292 1453 in
1341 1400 1651 1474 Epiroticis
1702 1415 1758 1464 et
1807 1432 1895 1466 ur-

132 1454 295 1510 banis
343 1460 812 1528 possessionibus,
894 1487 960 1522 ex
1011 1489 1120 1541 quo
1172 1480 1438 1549 cognosci
1485 1487 1679 1553 potest
1728 1507 1893 1544 usum

132 1549 260 1586 eum
314 1537 583 1605 pecuniae
638 1557 753 1595 non
810 1547 1222 1623 magnitudine,
1280 1556 1377 1610 sed
1431 1560 1650 1616 ratione
1703 1567 1891 1621 metiri

131 1608 379 1665 solitum.

281 1685 637 1748 Mendacium
693 1713 873 1769 neque
930 1701 1155 1759 dicebat
1217 1726 1397 1780 neque
1461 1716 1583 1785 pati
1646 1723 1888 1790 poterat.
1913 1722 1978 1777 15

127 1762 320 1835 itaque
371 1766 490 1823 eius
540 1772 780 1828 comitas
831 1795 946 1832 non
995 1781 1115 1835 sine
1174 1787 1473 1844 severitate
1529 1798 1652 1848 erat
1707 1816 1887 1870 neque

127 1841 379 1913 gravitas
437 1844 557 1901 sine
613 1847 913 1926 facilitate,
969 1861 1034 1911 ut
1092 1859 1319 1917 difficile
1370 1873 1520 1922 esset
1578 1871 1885 1947 intellectu,

125 1920 318 1973 utrum
351 1939 478 1976 eum
511 1926 677 1981 amici
713 1931 894 2002 magis
929 1941 1258 1993 vererentur
1292 1960 1363 1996 an
1398 1953 1670 2004 amarent.
1732 1955 1884 2024 quid-

126 1994 260 2065 quid
300 2000 626 2074 rogabatur,
668 2005 932 2078 religiose
972 2015 1362 2091 promittebat,
1406 2025 1554 2093 quod
1595 2045 1708 2082 non
1750 2031 1882 2086 libe-

123 2071 295 2145 rales,
347 2076 443 2130 sed
484 2077 634 2134 leves
677 2083 1065 2144 arbitrabatur
1104 2093 1360 2163 polliceri
1403 2102 1551 2170 quod
1592 2111 1879 2175 praestare

120 2166 236 2204 non
274 2157 524 2222 possent.
587 2157 736 2213 idem
769 2161 826 2215 in
868 2167 1125 2240 tenendO,
1167 2173 1316 2242 quod
1358 2179 1530 2232 semel
1573 2184 1878 2258 annuisset,
1912 2199 1938 2239 2

121 2228 284 2281 tanta
325 2234 447 2284 erat
487 2250 636 2307 cura,
675 2240 742 2290 ut
779 2257 894 2295 non
935 2246 1276 2321 mandatam,
1319 2253 1414 2307 sed
1458 2273 1616 2311 suam
1651 2278 1768 2314 rem
1802 2263 1878 2317 vi-

121 2301 348 2360 deretur
397 2326 578 2381 agere.
655 2331 964 2388 numquam
1015 2327 1262 2397 suscepti
1312 2333 1527 2402 negotii
1579 2353 1705 2389 eum
1754 2358 1874 2410 per-

120 2380 341 2437 taesum
382 2389 493 2440 est:
551 2406 711 2445 suam
764 2395 914 2450 enim
956 2399 1433 2461 existimationem
1475 2409 1533 2463 in
1576 2430 1639 2466 ea
1682 2433 1739 2468 re
1782 2418 1875 2490 agi

118 2457 374 2532 putabat,
414 2480 526 2534 qua
565 2467 707 2522 nihil
748 2469 997 2530 habebat
1038 2479 1238 2534 carius.
1304 2501 1413 2553 quo
1456 2486 1630 2542 fiebat
1663 2495 1727 2544 ut
1761 2511 1874 2548 om·
1908 2510 1932 2549 3

118 2531 214 2587 nia
253 2532 603 2614 Ciceronum,
641 2543 716 2600 M.
750 2545 999 2624 Catonis,
1043 2554 1105 2619 Q.
1139 2556 1447 2633 Hortensii,
1488 2563 1554 2618 A.
1582 2564 1871 2642 Torquati,

118 2610 428 2670 multorum
459 2624 750 2689 praeterea
782 2629 1037 2698 equitum
1062 2632 1447 2692 Romanorum
1481 2645 1714 2715 negotia
1745 2666 1869 2717 pro-

117 2692 355 2744 curaret.
411 2710 478 2748 ex
503 2713 613 2767 quo
646 2699 882 2759 iudicari
914 2712 1106 2778 potest
1130 2729 1243 2766 non
1276 2713 1495 2788 inertia,
1530 2720 1626 2774 sed
1661 2722 1865 2779 iudicio

115 2761 329 2837 fugisse
370 2768 451 2823 rei
491 2773 749 2842 publicae
789 2787 1261 2852 procurationem.

267 2841 656 2905 Humanitatis
697 2873 828 2912 vero
869 2861 1086 2918 nullum
1129 2865 1326 2922 afferre
1376 2872 1557 2927 maius
1612 2877 1953 2934 testimo-16

111 2917 269 2974 nium
307 2940 556 2996 possum,
598 2945 765 2999 quam
799 2938 947 3005 quod
981 2941 1305 2999 adulescens
1341 2946 1488 3002 idem
1524 2952 1642 3005 seni
1675 2951 1860 3008 Sullae

112 2992 222 3050 fm‘t
261 2997 720 3080 iucundissimuS,
773 3028 939 3068 senex
982 3017 1324 3075 adulescenti
1367 3022 1441 3079 M.
1484 3025 1685 3099 BrutO,
1735 3049 1859 3084 cum
