2019 3310
181 91 255 144 54
708 90 828 134 XIV.
863 89 1169 136 DATAMES.
1205 96 1367 136 8—10.

181 214 429 268 locorum
478 214 750 285 angustiis
801 213 1114 283 clausisset,
1170 215 1317 284 quod
1371 216 1551 284 perito
1606 216 1896 287 regionum

122 302 146 341 5
181 289 484 359 callideque
534 289 804 359 cogitanti
857 307 1018 358 saepe
1070 290 1378 359 accidebat,
1427 289 1894 362 AutophrodateS,

181 382 306 418 cum
352 365 558 417 bellum
606 364 730 417 duci
778 365 983 418 maiore
1032 365 1178 436 regis
1228 365 1545 419 calamitate
1592 384 1759 435 quam
1806 367 1895 420 ad·

181 440 550 492 versariorum
605 439 844 508 videret,
898 458 1089 509 pacem
1146 440 1559 510 amicitiamque
1605 442 1894 509 pristinam

180 532 476 568 memorans
515 532 626 567 eum
669 515 927 568 hortatus
969 519 1080 584 est,
1120 520 1183 568 ut
1224 534 1346 569 cum
1388 533 1517 587 rege
1555 516 1615 569 in
1654 518 1894 588 gratiam

120 601 146 640 6
180 590 395 642 rediret.
461 608 626 658 quam
658 590 751 643 ille
785 591 890 643 etsi
923 590 1090 643 fidam
1121 609 1231 644 non
1264 591 1382 644 fore
1414 591 1664 661 putabat,
1706 594 1895 646 tamen

180 665 557 718 condicionem
591 665 803 735 accepit
836 684 1000 735 seque
1038 666 1105 718 ad
1130 666 1495 719 Artaxerxem
1525 667 1743 737 legatos
1768 668 1895 720 mis-

179 758 369 793 summ
401 741 554 793 dixit.
620 741 698 794 sic
737 741 960 812 bellum,
1001 741 1145 811 quod
1185 761 1279 795 rex
1320 742 1578 796 adversus
1618 740 1895 796 Datamen

179 819 510 885 susceperat,
552 816 801 869 sedatum
843 820 941 869 est.
1003 817 1454 887 Autophrodates
1494 817 1552 870 in
1590 816 1895 889 Phrygiam

179 909 237 944 se
277 891 497 961 recepit.

119 964 152 1017 9
330 966 407 1019 At
434 985 542 1035 rex,
576 967 720 1036 quod
747 966 1096 1036 implacabile
1123 967 1310 1019 odium
1335 967 1393 1021 in
1415 966 1692 1022 Datamen
1716 987 1894 1022 susce-

178 1045 351 1110 perat,
383 1045 680 1111 postquam
712 1042 858 1094 bello
893 1060 1018 1094 eum
1052 1042 1288 1111 opprimi
1321 1061 1434 1096 non
1465 1061 1628 1113 posse
1654 1043 1895 1096 animad-

178 1117 360 1185 vertit,
401 1117 616 1170 insidiis
657 1117 966 1170 interficere
1009 1117 1248 1169 studuit:
1290 1136 1427 1186 quas
1467 1118 1562 1172 ille
1601 1119 1893 1188 plerasque

118 1204 144 1244 2
180 1192 423 1245 evitavit.
488 1192 647 1262 sicut,
688 1211 812 1246 cum
846 1193 896 1246 ei
934 1193 1252 1246 nuntiatum
1293 1196 1440 1246 esset
1479 1193 1747 1263 quosdam
1787 1195 1894 1248 sibi

177 1267 449 1336 insidiari,
500 1268 594 1337 qui
641 1269 698 1321 in
739 1268 1042 1321 amicorum
1081 1272 1239 1321 erant
1278 1287 1506 1322 numero
1549 1266 1637 1341 (de
1678 1269 1895 1340 quibuS,

179 1343 323 1412 quod
395 1343 603 1396 inimici
668 1343 1007 1412 detulerant,
1081 1362 1257 1413 neque
1328 1343 1656 1398 credendum
1717 1363 1893 1414 neque

177 1418 577 1490 neglegendum
609 1417 868 1490 putavit),
909 1419 1143 1488 experiri
1176 1419 1368 1489 voluit,
1399 1438 1590 1473 verum
1621 1418 1893 1474 falsumne

117 1507 144 1547 3
179 1493 286 1546 sibi
336 1497 483 1547 esset
530 1494 781 1547 relatum.
859 1494 1047 1564 itaque
1088 1512 1151 1547 eo
1190 1494 1472 1564 profectus
1520 1499 1629 1564 est,
1678 1496 1734 1549 in
1784 1514 1892 1565 quo

176 1568 372 1622 itinere
420 1568 635 1623 futuras
685 1569 911 1623 insidias
961 1569 1226 1623 dixerant.
1304 1570 1397 1623 sed
1446 1570 1616 1641 elegit
1663 1589 1892 1640 corpore

178 1662 241 1698 ac
281 1647 497 1697 statura
537 1645 879 1698 simillimum
921 1645 1005 1698 sui
1046 1646 1203 1714 eique
1242 1645 1507 1699 vestitum
1547 1664 1707 1699 suum
1743 1646 1894 1699 dedit

178 1723 344 1788 atque
393 1738 456 1773 eo
505 1720 626 1773 loco
675 1720 779 1789 ire,
835 1739 943 1790 quo
991 1721 1108 1790 ipse
1158 1723 1471 1790 consuerat,
1526 1721 1712 1792 iussit3
1774 1722 1890 1791 ipse

179 1799 363 1848 autem
406 1799 603 1848 ornatu
643 1796 957 1866 vestituque
999 1796 1229 1850 militari
1262 1797 1408 1850 inter
1441 1797 1687 1866 corporis
1714 1800 1894 1851 custo-

116 1884 143 1923 4
178 1870 273 1924 des
314 1871 420 1922 iter
467 1870 646 1924 facere
687 1871 883 1941 coepit.
963 1875 1022 1924 at
1069 1871 1443 1941 insidiatores,
1489 1875 1787 1942 postquam
1834 1873 1893 1926 in

178 1964 303 1999 eum
343 1963 491 2014 quem
546 1947 842 2000 insederant
887 1946 1069 2001 locum
1111 1965 1310 2018 agmen
1349 1947 1622 2018 pervenit,
1676 1947 1891 2018 decepti

178 2021 366 2074 ordine
401 2024 566 2091 atque
601 2022 805 2075 vestitu
842 2022 1112 2092 impetum
1143 2023 1201 2075 in
1226 2041 1349 2076 eum
1375 2021 1602 2091 faciunt,
1642 2023 1736 2093 qui
1769 2042 1892 2093 sup-

175 2097 390 2167 positus
441 2100 573 2149 erat.
651 2097 1001 2166 praedixerat
1057 2102 1242 2151 autem
1296 2098 1365 2150 iis
1422 2066 1711 2168 DatameS,
1767 2117 1890 2152 cum

179 2172 376 2241 quibus
425 2172 532 2225 iter
578 2171 840 2241 faciebat,
895 2177 958 2225 ut
1012 2173 1194 2242 parati
1249 2176 1433 2227 essent
1487 2172 1689 2241 facere,
1746 2174 1891 2243 quod

116 2260 143 2300 r>
177 2248 357 2316 ipsum
384 2247 664 2300 vidissent.
729 2247 860 2317 ipse,
892 2252 955 2300 ut
980 2252 1364 2303 concurrentes
1397 2248 1747 2302 insidiatores
1781 2250 1892 2302 ani·

177 2341 326 2375 mum
377 2322 636 2392 advertit,
686 2322 798 2376 tela
846 2323 900 2375 in
949 2342 1041 2376 eos
1091 2325 1339 2378 coniecit.
1417 2323 1522 2378 hoc
1574 2323 1716 2377 idem
1766 2342 1891 2378 cum

177 2398 415 2451 universi
442 2398 720 2468 fecissent,
751 2399 1071 2468 priusquam
1097 2400 1445 2468 pervenirent
1469 2399 1538 2452 ad
1570 2416 1694 2453 eum
1727 2418 1887 2470 quem

177 2473 402 2545 aggredi
445 2474 720 2542 volebant,
761 2474 958 2527 confixi
1001 2474 1371 2528 conciderunt.

90 2548 160 2602 10
328 2547 433 2602 Hic
490 2552 677 2602 tamen
732 2552 847 2602 tam
904 2549 1134 2602 callidus
1193 2550 1276 2603 vir
1332 2553 1578 2603 extremo
1642 2553 1891 2621 tempore

176 2626 372 2692 captus
413 2627 498 2676 est
538 2623 897 2694 Mithridatis,
937 2625 1328 2678 Ariobarzanis
1369 2625 1486 2694 filii,
1527 2625 1668 2680 dolo.
1741 2644 1892 2680 nam-

177 2716 282 2768 que
329 2699 376 2750 is
432 2699 714 2767 pollicitus
763 2704 849 2753 cst
897 2700 1011 2771 regi
1060 2718 1117 2753 se
1166 2719 1290 2754 eum
1346 2699 1789 2771 interfecturum,
1843 2701 1888 2754 si

177 2791 271 2826 rex
310 2774 672 2843 permitteret,
714 2779 777 2828 ut
817 2775 1195 2844 quodcumque
1232 2776 1399 2828 vellet
1438 2776 1631 2830 liceret
1668 2777 1890 2846 impune

175 2847 378 2919 facere,
425 2848 694 2918 fidemque
745 2849 809 2902 (le
849 2868 913 2903 ca
953 2869 1010 2903 re
1052 2868 1202 2904 more
1244 2850 1535 2906 Persarum
1574 2852 1768 2905 dextra
1806 2851 1891 2905 de-

116 2937 143 2976 2
176 2923 362 2978 disset.
440 2923 581 2977 hanc
621 2928 683 2977 ut
723 2925 935 2996 accepit
975 2944 1007 2979 a
1046 2943 1173 2996 rege
1214 2926 1465 2998 missam,
1504 2926 1691 2998 copias
1729 2930 1894 2999 parat
2008 2923 2019 2974 '-
