2164 3358
542 138 715 186 XXIII.
751 140 1094 187 HANNIBAL.
1150 144 1343 186 10-12.
1766 143 1839 197 95

83 271 205 323 erat
241 265 442 322 navale
475 267 770 338 proelium,
812 265 1132 321 classiarios
1171 268 1443 320 convocat
1476 264 1658 336 iisque
1687 285 1841 337 prae-

84 344 245 417 cipit,
299 361 492 398 omnes
544 347 608 398 ut
657 344 715 399 in
768 362 937 398 unam
978 341 1250 396 Eumenis
1304 342 1453 414 regis
1505 348 1841 398 concurrant

82 438 306 492 navem,
358 439 391 475 a
433 420 635 476 ceteris
685 423 908 475 tantum
960 418 1099 472 satis
1142 418 1390 473 habeant
1433 437 1490 473 se
1533 419 1840 474 defendere.

81 497 139 553 id
194 496 323 552 illos
382 496 546 553 facile
604 495 951 568 serpentium
1010 495 1372 550 multitudine
1425 500 1839 552 consecuturos,

81 592 178 629 rex
219 577 410 629 autem
443 574 503 628 in
535 592 647 645 qua
678 591 818 628 nave
854 572 1167 642 veheretur,
1209 576 1273 626 ut
1308 573 1532 644 scirent,
1574 593 1632 629 se
1666 573 1842 629 factu·
1876 588 1902 628 6

81 670 230 706 rum:
273 669 439 723 quem
473 650 521 704 si
555 653 655 705 aut
697 649 978 721 cepissent
1021 653 1118 704 aut
1160 648 1592 721 interfecissent,
1634 669 1839 724 magno

81 728 152 783 iis
192 727 494 800 pollicetur
533 726 786 798 praemio
829 725 962 780 fore.
1028 726 1130 780 tali
1167 726 1558 782 cohortatione
1594 729 1841 783 militum
1865 728 1924 782 11

82 805 234 861 facta
259 803 455 860 classis
483 802 553 857 ab
580 802 835 874 utrisque
862 802 921 857 in
945 803 1225 875 proelium
1250 803 1557 859 deducitur.
1603 824 1840 875 quarum

83 882 201 938 acie
258 879 591 951 constituta,
647 880 978 952 priusquam
1032 880 1258 953 signum
1315 899 1537 954 pugnae
1597 882 1842 951 daretur,

82 956 390 1028 Hannibal,
437 960 503 1011 ut
550 957 741 1028 palam
791 956 1002 1011 faceret
1044 957 1184 1029 suis,
1240 977 1349 1029 quo
1392 958 1516 1013 loco
1559 958 1840 1014 Eumenes

84 1037 248 1107 esset,
288 1033 649 1089 tabellarium
690 1034 750 1088 in
792 1034 1001 1106 scapha
1036 1054 1162 1090 cum
1198 1035 1438 1091 caduceo
1482 1036 1677 1090 mittit.
1745 1038 1839 1108 qui
1875 1051 1901 1089 2

81 1111 180 1168 ubi
236 1111 307 1166 ad
368 1129 538 1166 naves
597 1111 1046 1166 adversariorum
1113 1113 1369 1183 pervenit
1426 1113 1841 1184 epistulamque

83 1189 384 1245 ostendens
426 1206 484 1243 se
527 1206 719 1261 regem
759 1187 1049 1260 professus
1094 1193 1181 1243 est
1216 1209 1498 1261 quaerere,
1542 1191 1737 1244 statim
1774 1191 1843 1245 ad

81 1266 394 1323 Eumenem
443 1264 713 1320 deductus
764 1269 875 1337 est,
931 1265 1079 1337 quod
1121 1285 1286 1320 nemo
1347 1267 1645 1322 dubitabat
1707 1269 1842 1338 quin

84 1343 296 1415 aliquid
338 1342 404 1397 de
438 1361 574 1414 pace
607 1345 758 1397 esset
790 1342 1078 1414 scriptum.
1146 1343 1476 1398 tabellarius
1512 1345 1667 1399 ducis
1701 1364 1842 1399 nave

84 1420 369 1476 declarata
409 1419 526 1474 suis
569 1419 787 1491 eodem,
828 1420 974 1474 unde
1018 1424 1139 1474 erat
1181 1438 1441 1493 egressus
1455 1465 1469 1492 ,
1512 1440 1569 1475 se
1612 1422 1841 1492 recepit.

85 1496 464 1554 at'Eumenes
507 1496 695 1551 soluta
736 1496 980 1568 epistula
1020 1496 1161 1551 nihil
1212 1497 1271 1551 in
1321 1517 1385 1552 ea
1435 1499 1684 1570 repperit
1731 1499 1840 1553 nisi
1875 1514 1901 1552 3

85 1593 227 1647 quae
276 1573 346 1628 ad
394 1572 738 1628 irridendum
788 1592 914 1628 eum
964 1574 1327 1644 pertinerent.
1410 1575 1566 1630 cuius
1615 1576 1694 1630 rei
1734 1577 1842 1630 etsi

84 1669 311 1707 causam
352 1649 666 1705 mirabatur
705 1669 886 1722 neque
930 1651 1269 1722 reperiebat,
1324 1655 1515 1707 tamen
1564 1652 1840 1724 proelium

85 1729 283 1784 statim
324 1727 678 1782 committere
718 1746 832 1782 non
874 1727 1169 1783 dubitavit.
1239 1728 1442 1783 horum
1476 1730 1534 1784 in
1568 1748 1841 1784 concursu
1875 1743 1904 1782 4

83 1804 320 1877 Bithyni
352 1803 690 1859 Hannibalis
724 1808 1026 1876 praecepto
1061 1805 1307 1860 universi
1341 1825 1541 1861 navem
1571 1806 1841 1862 Eumenis

87 1882 430 1938 adoriuntur.
473 1900 712 1954 quorum
746 1882 860 1936 vim
894 1901 990 1937 rex
1018 1901 1144 1937 cum
1179 1883 1457 1938 sustinere
1490 1902 1603 1938 non
1632 1888 1842 1956 posset,

86 1959 224 2033 fuga
263 1958 505 2014 salutem
546 1959 729 2030 petiit,
782 1978 951 2031 quam
995 1964 1328 2015 consecutus
1369 1979 1484 2016 non
1525 1964 1690 2032 esset,
1732 1962 1842 2015 nisi

86 2036 237 2091 intra
284 2053 386 2090 sua
440 2036 719 2108 praesidia
769 2055 826 2091 se
886 2037 1213 2109 recepisset,
1271 2056 1411 2108 quae
1469 2037 1527 2093 in
1583 2038 1840 2110 proximo

85 2113 253 2168 litore
287 2115 449 2168 erant
482 2112 771 2168 collocata.
821 2114 1069 2184 reliquae
1096 2113 1477 2187 Pergamenae
1511 2134 1679 2170 naves
1717 2134 1841 2169 cum
1875 2127 1902 2166 5

87 2189 435 2246 adversarios
492 2195 810 2262 premerent
867 2191 1081 2264 acriuS,
1146 2196 1376 2263 repente
1442 2192 1500 2246 in
1559 2211 1649 2246 eas
1708 2211 1841 2245 vasa

87 2267 308 2339 fictilia,
364 2266 431 2322 de
482 2267 685 2339 quibus
736 2286 906 2339 supra
954 2268 1298 2324 mentionem
1348 2269 1605 2339 fecimuS,
1663 2269 1841 2323 conici

91 2347 289 2416 coepta
322 2347 468 2399 sunt.
531 2362 672 2416 quae
708 2344 856 2400 iacta
888 2345 1053 2400 initio
1088 2346 1264 2401 risum
1297 2346 1682 2418 pugnantibus
1718 2364 1842 2400 con-

91 2419 352 2494 citarunt,
389 2439 570 2493 neque
613 2440 783 2493 quare
818 2422 875 2477 id
908 2423 1068 2477 fieret
1103 2426 1328 2495 poterat
1363 2423 1631 2494 intellegi.
1691 2426 1841 2493 post·
1877 2436 1903 2476 6

92 2515 259 2569 quam
292 2501 480 2554 autem
511 2517 681 2554 naves
716 2518 846 2554 suas
882 2500 1139 2572 oppletas
1175 2503 1585 2570 conspexerunt
1624 2518 1842 2570 serpen-

91 2574 261 2645 tibus,
283 2592 428 2630 nova
452 2594 511 2630 re
535 2577 840 2649 perterriti,
867 2595 1010 2648 cum,
1036 2577 1167 2648 quid
1193 2577 1554 2648 potissimum
1583 2576 1842 2646 vitarent,

89 2669 202 2706 non
250 2650 525 2723 viderent,
576 2672 791 2725 puppes
844 2658 1133 2709 verterunt
1185 2672 1353 2724 seque
1404 2653 1472 2707 ad
1515 2672 1616 2707 sua
1658 2657 1843 2708 castra

89 2727 317 2783 nautica
365 2728 721 2785 rettulerunt.
787 2731 867 2786 sic
909 2731 1193 2786 Hannibal
1241 2730 1475 2785 consilio
1519 2749 1674 2784 arma
1716 2729 1843 2783 Per·
1878 2743 1902 2782 7

6 2876 11 2881 .
91 2821 458 2879 gamenorum
506 2807 808 2879 superavit,
863 2827 1043 2880 neque
1096 2812 1218 2862 tum
1269 2807 1475 2878 solum,
1533 2807 1628 2862 sed
1679 2825 1841 2877 saepe

7 2891 17 2903 ’“
90 2881 231 2937 alias
288 2881 643 2953 pedestribus
702 2884 878 2956 copiis
937 2885 1059 2957 pari
1125 2884 1423 2956 prudentia
1471 2884 1696 2955 ‚pepulit
1754 2883 1842 2936 ad·

86 2976 384 3015 versario&

244 3035 398 3101 Quae
441 3035 571 3090 dum
613 3035 668 3089 in
716 3035 852 3092 Asia
901 3042 1197 3110 geruntur,
1248 3038 1450 3092 accidit
1494 3056 1623 3091 casu
1667 3038 1728 3088 ut
1770 3035 1933 3088 le-12
