2019 3310
186 111 256 164 72
707 110 873 156 XVIII.
907 109 1213 156 EUMENES.
1264 117 1302 155 2.
1340 116 1381 156 3.

186 235 331 305 quod
385 234 497 289 fere
556 252 742 288 omnes
799 234 857 287 in
911 234 1126 306 magnis
1183 234 1429 305 imperiis
1485 236 1894 307 concupiscunt,

120 324 153 364 4
187 311 432 365 omnium
462 313 647 380 partes
682 309 954 380 corripere
988 306 1156 379 atque
1188 310 1496 380 complecti.
1555 330 1732 382 neque
1764 331 1892 367 vero

184 387 290 441 hoc
345 386 437 439 ille
495 385 644 438 solus
693 384 847 454 fecit,
905 385 999 439 sed
1050 386 1218 439 ceteri
1267 404 1482 456 quoque
1532 404 1743 458 omneS,
1800 388 1894 458 qui

184 460 485 515 Alexandri
524 459 743 513 fuerant
784 460 962 514 amici.
1039 461 1249 530 primus
1290 460 1607 516 Leonnatus
1647 461 1894 518 Macedo-

184 539 334 591 niam
388 554 787 606 praeoccupare
836 535 1149 589 destinavit.
1232 536 1279 589 is
1329 536 1519 590 multis
1571 539 1894 610 magnisque

184 611 681 683 pollicitationibus
729 611 1054 681 persuadere
1094 610 1330 665 Eumeni
1379 612 1613 683 studuit,
1659 617 1723 667 ut
1768 612 1895 667 Per-

127 703 152 741 5
187 688 395 741 diccam
443 686 717 740 desereret
765 705 827 740 ac
876 705 1060 740 secum
1107 686 1314 741 faceret
1354 688 1692 742 societatem.
1772 707 1896 743 cum

185 762 479 834 perducere
521 780 645 815 eum
683 780 796 816 non
834 766 1038 832 posset,
1081 762 1388 816 interficere
1430 768 1658 818 conatus
1700 767 1801 835 est,
1841 768 1897 818 et

185 839 432 907 fecisset,
478 837 587 890 nisi
633 837 726 890 ille
774 837 916 890 clam
962 841 1130 891 noctu
1180 856 1245 891 ex
1283 839 1570 908 praesidiis
1613 840 1728 894 eius
1770 839 1896 894 effu-

187 914 375 987 gisset.

126 990 161 1044 3
337 987 568 1042 Interim
617 987 852 1041 conflata
900 992 1028 1041 sunt
1074 988 1172 1041 illa
1218 988 1386 1059 bella,
1435 1008 1572 1060 quae
1620 991 1688 1044 ad
1734 991 1897 1045 inter-

186 1065 459 1119 nicionem
498 1066 627 1132 post
666 1062 965 1116 Alexandri
1006 1066 1242 1117 mortem
1282 1067 1440 1135 gesta
1489 1069 1640 1136 sunt,
1687 1085 1897 1121 omnes·

189 1159 292 1210 que
334 1141 726 1194 concurrerimt
767 1138 834 1191 ad
873 1137 1191 1193 Perdiccam
1232 1139 1665 1210 opprimendum.
1737 1161 1899 1214 quem

189 1216 295 1270 etsi
342 1214 623 1269 infirmum
670 1213 914 1284 videbat,
964 1215 1109 1284 quod
1155 1232 1296 1268 unus
1346 1216 1600 1270 omnibus
1641 1217 1898 1272 resistere

189 1291 513 1364 cogebatur,
554 1293 740 1343 tamen
780 1289 1015 1344 amicum
1053 1308 1165 1343 non
1206 1290 1447 1344 deseruit
1484 1310 1662 1362 neque
1703 1293 1899 1347 salutis

128 1380 154 1420 2
191 1385 355 1438 quam
394 1365 522 1418 fidei
561 1364 668 1418 fuit
709 1365 969 1435 cupidior.
1047 1365 1387 1435 praefecerat
1425 1366 1570 1422 hunc
1610 1366 1898 1424 Perdiccas

191 1443 241 1496 ei
271 1441 418 1513 parti
443 1440 624 1510 Asiae,
667 1459 802 1510 quae
834 1441 979 1495 inter
1003 1440 1245 1495 Taurum
1278 1445 1523 1496 montem
1554 1443 1698 1498 iacet
1735 1448 1900 1515 atque

190 1518 637 1586 Hellespontum,
690 1520 745 1569 et
792 1516 949 1570 illum
995 1535 1165 1570 unum
1215 1522 1548 1587 opposuerat
1593 1518 1899 1590 Europaeis

192 1592 540 1662 adversariis;
579 1592 696 1661 ipse
722 1591 1042 1664 Aegyptum
1075 1597 1455 1664 oppugnatum
1488 1594 1747 1648 adversus
1773 1594 1901 1649 Pto·

130 1683 157 1722 3
190 1670 462 1722 lemaeum
494 1670 612 1721 erat
643 1666 937 1737 profectus.
1000 1666 1275 1722 Eumenes
1309 1687 1432 1723 cum
1463 1687 1639 1739 neque
1672 1689 1899 1743 magnas

192 1745 376 1815 copias
416 1761 592 1814 neque
632 1742 818 1796 firmas
859 1744 1103 1813 haberet,
1145 1743 1288 1813 quod
1330 1748 1385 1797 et
1420 1744 1812 1800 inexercitatae
1846 1750 1901 1800 et

189 1838 302 1874 non
341 1820 517 1873 multo
559 1821 684 1872 ante
726 1823 881 1872 erant
915 1822 1243 1889 contractae,
1285 1819 1575 1874 adventare
1609 1825 1794 1875 autem
1828 1822 1902 1875 di-

193 1899 444 1950 cerentur
476 1892 1008 1965 Hellespontumque
1050 1895 1315 1949 transisse
1349 1894 1646 1966 Antipater
1686 1900 1743 1950 et
1775 1896 1902 1952 Cra-

193 1975 341 2025 teros
383 1987 581 2041 magno
624 1988 746 2023 cum
788 1971 1029 2024 exercitu
1069 1969 1444 2039 Macedonum,
1488 1972 1591 2024 viri
1633 1991 1757 2026 cum
1797 1973 1903 2027 clar

133 2061 161 2098 4
193 2047 357 2099 ritate
422 2049 541 2098 tum
597 2063 699 2098 usu
762 2046 892 2100 belli
956 2050 1300 2116 praestantes
1359 2045 1709 2117 (Macedones
1773 2067 1901 2102 vero

194 2121 398 2175 milites
441 2139 503 2174 ea
544 2124 661 2174 tum
703 2125 863 2174 erunt
903 2121 1071 2192 fama,
1120 2141 1228 2192 qua
1265 2140 1408 2176 nunc
1449 2122 1684 2177 Romani
1724 2122 1903 2178 ferun-

193 2201 307 2250 tur:
348 2196 552 2250 etenim
593 2215 806 2265 semper
844 2197 1022 2250 habiti
1063 2202 1193 2251 sunt
1224 2197 1533 2268 fortissimi,
1574 2198 1667 2268 qui
1701 2200 1902 2252 summi

193 2272 411 2346 imperii
451 2269 811 2343 potirentur):
864 2271 1137 2327 Eumenes
1185 2274 1569 2344 intellegebat,
1617 2274 1664 2326 si
1714 2275 1902 2344 copiae

197 2367 324 2401 suae
367 2350 713 2418 cognossent,
754 2347 1011 2401 adversus
1048 2367 1182 2418 quos
1216 2349 1558 2418 ducerentur,
1596 2367 1707 2402 non
1739 2351 1901 2404 modo

135 2435 161 2475 5
194 2441 303 2476 non
343 2423 543 2492 ituraS,
584 2422 677 2476 sed
719 2423 881 2476 simul
924 2441 1046 2476 cum
1086 2425 1280 2477 nuntio
1321 2424 1643 2493 dilapsuras.
1715 2425 1903 2496 itaque

194 2497 300 2551 hoc
333 2499 380 2551 ei
414 2499 592 2550 visum
633 2501 718 2552 est
757 2497 1260 2568 prudentissimum,
1300 2502 1363 2552 ut
1402 2499 1572 2553 deviis
1613 2500 1903 2555 itineribus

196 2573 401 2626 milites
451 2573 693 2642 duceret,
745 2574 802 2627 in
851 2574 1047 2644 quibus
1097 2593 1225 2627 vera
1271 2574 1456 2628 audire
1503 2593 1614 2628 non
1661 2580 1904 2646 possent,

197 2651 254 2701 et
300 2648 366 2700 iis
415 2649 767 2717 persuaderet
815 2667 871 2703 se
921 2652 1112 2702 contra
1162 2649 1427 2718 quosdam
1479 2651 1743 2705 barbaros
1782 2670 1904 2722 pro·

137 2738 163 2776 6
196 2722 381 2776 ficisci.
435 2727 597 2792 atque
640 2725 816 2779 tenuit
850 2724 955 2778 hoc
987 2724 1335 2794 propositum
1368 2729 1424 2779 et
1456 2726 1608 2795 prius
1640 2726 1699 2780 in
1731 2727 1905 2780 aciem

197 2798 492 2852 exercitum
532 2800 714 2852 eduxit
755 2800 1133 2869 proeliumque
1168 2801 1459 2870 commisit,
1501 2819 1667 2871 quam
1700 2801 1903 2855 milites

199 2874 282 2926 sui
315 2873 534 2942 scirent,
575 2893 692 2926 cunr
733 2875 929 2943 quibus
964 2894 1117 2928 arma
1149 2875 1472 2930 conferrent.
1525 2876 1705 2931 effecit
1737 2876 1905 2930 etiam

196 2948 333 3002 illud
373 2949 619 3002 locorum
659 2951 1172 3021 praeoccupatione,
1212 2955 1275 3004 ut
1315 2952 1566 3021 equitatu
1604 2951 1791 3022 potius
1831 2951 1906 3005 di-
