2019 3310
136 628 170 680 4

138 1165 163 1205 ΙΟ

193 129 265 181 48
706 122 830 166 xm.
865 118 1234 165 TIMoTHEUs
1285 123 1324 164 3.
1360 123 1400 163 4.

197 251 449 320 suspicax
484 249 552 301 ob
588 263 815 314 eamque
856 261 973 296 rem
1013 242 1251 310 mobilis,
1293 240 1651 311 adversarius,
1690 241 1908 294 invidus

196 327 424 398 (etenim
486 321 736 392 potentia
792 319 849 372 in
905 319 1109 372 crimen
1170 313 1494 386 vocabatur)
1552 315 1774 369 domum
1830 335 1909 369 re-

196 406 378 455 vocat:
433 399 758 451 accusantur
806 393 1153 464 proditionis.
1230 391 1336 444 hoc
1375 390 1576 444 iudicio
1618 391 1910 444 damnatur

195 475 516 530 Timotheus
550 473 728 540 lisque
763 469 877 522 eius
912 469 1238 522 aestimatur
1264 470 1484 519 centum
1516 465 1758 519 talentis.
1815 467 1908 519 ille

198 553 319 605 odio
362 551 612 619 ingratae
655 545 896 599 civitatis
939 547 1160 596 exactus
1204 540 1520 596 Chalcidem
1562 558 1619 594 se
1657 542 1910 594 contulit.

348 624 525 677 Huius
553 625 680 691 post
706 623 942 673 mortem
969 638 1091 672 cum
1117 618 1381 687 populum
1407 615 1593 669 iudicii
1620 615 1704 669 sui
1729 617 1910 686 paeni—

197 705 353 769 teret,
395 699 600 752 multae
641 714 838 750 novem
878 699 1063 764 partes
1106 692 1347 746 detraxit
1387 695 1442 744 et
1483 691 1669 744 decem
1700 691 1911 744 talenta

198 776 492 843 Cononem,
533 773 708 825 filium
750 771 889 840 eiuS,
930 769 997 822 ad
1038 769 1180 821 muri
1223 766 1496 837 quandam
1537 769 1753 835 partem
1793 767 1911 819 refi-

198 851 443 906 ciendam
483 848 646 901 iussit
686 847 828 899 dare.
892 845 949 897 in
983 863 1089 913 quo
1123 843 1377 896 fortunae
1411 841 1648 894 varietas
1683 844 1769 895 est
1801 842 1912 895 ani-

198 928 495 980 madversa.
557 942 686 976 nam
728 939 864 990 quos
908 937 1038 972 avus
1077 917 1312 984 [Conon]
1349 935 1534 970 muros
1569 935 1634 969 ex
1665 916 1912 970 hostium

197 1002 395 1072 pracda
438 999 647 1069 patriae
689 996 1026 1063 restituerat,
1069 993 1290 1045 eosdem
1329 1010 1499 1061 nepos
1534 1010 1657 1045 cum
1699 1010 1913 1045 summa

197 1076 502 1149 ignominia
542 1072 783 1125 familiae
818 1089 882 1122 ex
916 1088 1015 1122 sua
1048 1087 1104 1121 re
1139 1067 1400 1120 familiari
1434 1067 1654 1120 reficere
1688 1071 1910 1120 coactus

199 1156 296 1205 est.
383 1148 660 1203 Timothei
721 1149 906 1198 autem
965 1144 1280 1197 moderatae
1337 1141 1709 1211 sapientisque
1765 1142 1912 1196 vitae

199 1247 322 1282 cum
361 1227 621 1296 pleraque
662 1221 939 1292 possimus
979 1218 1225 1289 proferre
1267 1216 1612 1287 testimonia,
1664 1235 1771 1270 uno
1815 1218 1913 1270 eri-

199 1321 319 1356 mus
363 1299 624 1368 contenti,
667 1297 812 1367 quod
853 1315 916 1349 ex
959 1313 1021 1348 eo
1063 1293 1223 1347 facile
1267 1292 1442 1346 conici
1483 1291 1706 1362 poterit,
1748 1310 1913 1361 quam

201 1396 357 1432 carus
392 1377 505 1429 suis
539 1373 720 1427 fuerit.
786 1390 908 1424 cum
942 1370 1177 1423 Athenis
1214 1367 1656 1421 adulescentulus
1692 1385 1914 1421 causam

199 1455 426 1521 diceret,
466 1469 575 1504 non
618 1449 796 1502 solum
838 1446 998 1499 amici
1038 1444 1349 1514 privatique
1389 1443 1638 1512 hospites
1680 1443 1748 1495 ad
1790 1461 1913 1496 eum

199 1527 594 1582 defendendum
652 1524 1050 1589 convenerunt,
1115 1519 1207 1572 sed
1263 1518 1431 1571 etiam
1486 1517 1543 1570 in
1600 1517 1676 1570 eis
1733 1516 1914 1588 Iason,

200 1609 467 1674 tyrannus
517 1599 855 1667 Thessaliae,
913 1596 1005 1666 qui
1061 1595 1156 1647 illo
1212 1597 1458 1662 tempore
1510 1591 1618 1644 fuit
1667 1593 1913 1645 omnium

200 1677 636 1749 potentissimus.
708 1674 797 1727 hic
840 1691 963 1725 cum
1003 1671 1061 1723 in
1102 1669 1282 1739 patria
1324 1668 1439 1721 sine
1482 1667 1814 1720 satellitibus
1857 1686 1913 1720 se

202 1759 385 1807 tutum
434 1772 542 1806 non
592 1750 978 1816 arbitraretur,
1029 1745 1277 1798 Athenas
1329 1743 1443 1796 sine
1484 1743 1597 1795 ullo
1639 1743 1912 1812 praesidio

201 1831 352 1883 venit
409 1827 659 1896 tantique
715 1824 994 1893 hospitem
1049 1820 1203 1889 fecit,
1259 1821 1322 1872 ut
1371 1817 1560 1871 mallet
1610 1835 1665 1870 se
1715 1817 1912 1887 capitis

200 1905 504 1976 periculum
553 1902 698 1954 adire
749 1917 914 1969 quam
962 1895 1253 1949 Timotheo
1305 1894 1368 1946 de
1426 1893 1572 1945 fama
1628 1892 1913 1945 dimicanti

203 1981 403 2033 deesse.
459 1979 602 2030 hunc
638 1976 894 2028 adversus
930 1977 1115 2025 tamen
1139 1969 1463 2023 Timotheus
1497 1972 1691 2037 postea
1723 1968 1914 2038 populi

202 2057 357 2110 iussu
390 2054 597 2106 bellum
632 2051 829 2122 gessit:
870 2048 1079 2119 patriae
1113 2047 1249 2100 enim
1284 2043 1562 2098 sanctiora
1594 2043 1715 2096 iura
1749 2062 1915 2112 quam

202 2130 431 2201 hospitii
474 2146 592 2182 esse
633 2127 801 2178 (luxit.

354 2204 504 2258 Haec
544 2206 788 2256 extrema
836 2199 942 2251 fuit
982 2202 1132 2250 aetas
1182 2197 1577 2265 imperatorum
1618 2192 1915 2245 Athenien—

207 2284 363 2350 sium,
382 2278 694 2350 lphicratiS,
713 2275 996 2342 Chabriae,
1023 2271 1316 2339 Timothei,
1339 2288 1515 2338 neque
1540 2271 1669 2338 post
1693 2267 1915 2320 illorum

207 2359 418 2411 obitum
454 2354 743 2425 quisquam
777 2351 883 2402 dux
917 2350 970 2400 in
998 2348 1094 2400 illa
1118 2347 1252 2399 urbe
1278 2345 1385 2398 suit
1409 2344 1606 2415 dignus
1634 2343 1912 2396 memoria.

358 2431 533 2484 Venio
590 2446 733 2482 nunc
791 2426 855 2478 ad
919 2423 1285 2475 fortissimum
1342 2420 1520 2473 virum
1585 2418 1916 2488 maximique

208 2508 420 2561 consilii
463 2505 706 2558 omnium
747 2501 1123 2566 barbarorum,
1164 2496 1404 2565 exceptis
1439 2494 1648 2546 duobus
1684 2491 1917 2546 Kartha-

207 2582 562 2653 giniensibus,
596 2578 910 2632 Hamilcare
937 2578 992 2626 et
1017 2571 1343 2625 Hannibale.
1403 2569 1467 2622 de
1494 2587 1600 2638 quo
1626 2568 1731 2622 hoc
1758 2568 1918 2638 plura

210 2658 528 2724 referemus-i,
579 2654 721 2723 quod
765 2656 818 2705 et
861 2648 1179 2704 obscuriora
1222 2650 1350 2698 sunt
1391 2644 1506 2698 eius
1548 2647 1707 2715 gesta
1746 2643 1919 2713 plera-

211 2752 312 2803 que
356 2737 411 2785 et
452 2750 536 2799 ea,
579 2747 715 2798 quae
756 2743 1015 2798 prospere
1057 2724 1103 2775 ei
1148 2724 1456 2791 cesserunt,
1495 2738 1604 2773 non
1646 2718 1919 2789 magnitu-

210 2809 333 2862 dine
360 2806 655 2875 copiarum,
697 2803 788 2856 sed
824 2799 1053 2868 consilii,
1091 2817 1197 2867 quo
1232 2801 1350 2849 tum
1385 2813 1572 2849 omnes
1608 2793 1920 2864 superabat,

210 2882 545 2938 acciderunt:
589 2898 819 2948 quorum
861 2877 966 2930 nisi
1009 2873 1150 2927 ratio
1186 2872 1457 2942 explicata
1489 2869 1672 2937 fuerit,
1713 2886 1798 2921 res
1831 2885 1921 2935 ap-

211 2976 399 3028 parere
441 2975 546 3009 non
591 2957 864 3023 poterunt.

900 3057 1058 3064 ..α----1
1067 3057 1167 3063 0—.-
1178 3055 1242 3061 ρ...
