2019 3310
174 155 206 207 6
729 151 762 195 Ι.
803 149 1145 194 MILTIADES.
1195 157 1234 195 6.
1270 155 1306 194 7,

106 276 140 329 6
322 273 489 329 Cuius
530 272 790 326 victoriae
830 290 940 324 non
980 271 1218 324 alienum
1257 272 1473 325 videtur
1516 272 1674 342 quale
1719 289 1871 342 prae-

172 350 342 403 mium
382 348 618 401 Miltiadi
668 348 742 400 sit
789 347 1062 399 tributum
1109 347 1324 416 docere,
1376 365 1482 416 quo
1530 346 1746 400 facilius
1792 347 1870 400 in-

172 425 361 495 tellegi
394 424 570 493 possit
602 421 826 474 eandem
860 421 1103 474 omnium
1136 421 1424 474 civitatum
1457 439 1574 474 esse
1599 424 1869 475 naturam.

114 512 140 552 2
171 503 235 552 ut
267 499 410 551 enim
442 497 630 566 populi
664 496 898 548 Romani
930 496 1164 548 honores
1200 496 1474 564 quondam
1506 495 1729 549 fuerunt
1758 496 1870 548 rari

173 577 227 626 et
278 577 465 625 tenues
515 572 583 624 ob
634 589 859 639 eamque
913 588 1132 623 eausam
1186 571 1439 641 gloriosi,
1493 587 1636 624 nunc
1684 573 1870 623 autem

172 648 325 700 effusi
359 652 521 715 atque
556 645 806 714 obsoleti,
847 646 923 698 sic
957 646 1103 715 olim·
1121 646 1263 715 apud
1295 645 1660 698 Athenienses
1699 643 1868 697 fuisse

113 736 137 775 3
173 722 485 790 reperimus.
540 738 774 789 namque
805 719 933 773 huic
965 718 1218 789 Miltiadi,
1259 720 1351 788 qui
1384 719 1630 772 Athenas
1670 721 1869 772 totam-

173 815 273 865 que
317 794 601 848 Graeciam
649 795 937 864 liberarat,
977 795 1105 846 talis
1153 795 1328 847 honos
1369 795 1611 847 tributus
1659 796 1766 862 est,
1812 793 1871 846 in

170 871 408 940 porticu,
450 889 585 939 quae
626 869 842 922 Poecile
883 873 1131 938 vocatur,
1173 888 1294 922 cum
1334 887 1518 940 pugna
1558 869 1870 952 depingere-

170 950 261 998 tur
293 945 655 1012 Marathonia,
687 947 748 996 ut
781 944 836 996 in
869 944 1052 996 decem
1085 912 1400 1012 pi‘aetorum
1431 961 1658 996 numero
1691 943 1869 1012 prima

171 1021 285 1073 eius
334 1020 514 1090 imago
563 987 857 1087 poneretur
905 1019 1057 1086 isque
1109 1018 1425 1071 hortaretur
1464 1018 1669 1071 milites
1716 1035 1870 1087 proe-

110 1107 137 1146 4
170 1095 411 1162 liumque
453 1094 838 1146 committeret.
901 1092 1045 1144 idem
1084 1092 1176 1144 ille
1218 1093 1467 1162 populus,
1506 1096 1866 1162 posteaquam

169 1169 343 1221 maius
378 1168 665 1237 imperium
699 1171 782 1220 est
814 1170 1007 1219 nactus
1035 1170 1089 1219 et
1123 1167 1417 1237 largitione
1443 1167 1864 1238 magistratuum

169 1247 456 1312 corruptus
513 1247 622 1312 est,
678 1245 952 1294 trecentas
1010 1245 1222 1294 statuas
1272 1241 1553 1295 Demetrio
1601 1240 1867 1295 Phalereo

169 1318 421 1371 decrevit.

103 1393 132 1446 7
317 1391 453 1444 Post
498 1391 603 1444 hoc
650 1392 919 1460 proelium
968 1392 1197 1444 classem
1247 1392 1597 1463 septuaginta
1646 1390 1869 1444 navium

169 1467 531 1520 Athenienses
566 1465 737 1518 eidem
771 1465 1006 1518 Miltiadi
1048 1466 1325 1534 dederunt,
1363 1470 1427 1519 ut
1466 1466 1690 1535 insulae,
1730 1483 1867 1535 quae

169 1542 431 1594 barbaros
473 1541 804 1609 adiuverant,
845 1541 986 1592 bello
1028 1544 1457 1610 persequeretur.
1528 1558 1636 1610 quo
1674 1542 1733 1593 in
1771 1540 1868 1592 im—

168 1616 318 1686 perio
368 1616 653 1684 plerasque
704 1616 769 1667 ad
818 1615 1056 1668 officium
1106 1616 1278 1668 redire
1328 1616 1530 1686 coegit,
1576 1614 1867 1668 nonnullas

109 1705 136 1745 2
170 1692 222 1743 vi
264 1691 609 1760 expugnavit.
681 1709 743 1742 ex
785 1690 870 1742 his
914 1690 1113 1742 Parum
1154 1690 1390 1742 insulam
1430 1689 1624 1759 opibus
1664 1689 1866 1742 elatam

171 1784 292 1819 eum
334 1765 579 1817 oratione
621 1765 971 1817 reconciliare
1011 1784 1120 1817 non
1168 1769 1377 1834 posset,
1426 1765 1612 1833 copias
1654 1782 1683 1817 e
1722 1764 1866 1816 navi-

169 1840 270 1892 bus
305 1840 505 1907 eduxit,
537 1840 725 1892 urbem
761 1840 1013 1923 operibus
1049 1840 1246 1892 clausit
1279 1839 1533 1908 omnique
1559 1841 1868 1892 commeatu

169 1915 427 1984 privavit,
476 1883 597 1966 dein
647 1915 816 1966 vineis
866 1934 927 1968 ac
975 1914 1341 1967 testudinibus
1382 1914 1699 1967 constitutis
1747 1931 1866 1984 pro-

112 2004 135 2044 8
169 1990 292 2059 pius
335 2007 519 2041 muros
561 1990 804 2041 accessit.
868 2008 988 2041 cum
1023 1990 1131 2041 iam
1165 1990 1220 2041 in
1261 2007 1324 2041 eo
1365 1993 1526 2057 esset,
1564 1992 1627 2042 ut
1667 1988 1866 2058 oppido

170 2064 462 2133 potiretur,
517 2064 703 2132 procul
753 2064 807 2115 in
857 2064 1157 2116 continenti
1205 2064 1380 2132 lucuS,
1429 2063 1521 2132 qui
1570 2082 1635 2117 ex
1690 2062 1868 2116 insula

173 2139 623 2207 conspiciebatur,
664 2139 844 2190 nescio
888 2158 993 2206 quo
1036 2157 1163 2191 casu
1202 2142 1469 2192 nocturno
1510 2142 1756 2208 tempore
1790 2137 1867 2190 in·

173 2231 364 2266 census
397 2216 494 2266 est.
558 2213 708 2266 cuius
745 2213 961 2265 flamma
993 2217 1055 2266 ut
1087 2214 1155 2266 ab
1190 2213 1473 2297 oppidanis
1507 2216 1563 2266 et
1594 2229 1867 2284 oppugna·

173 2288 385 2340 toribus
427 2291 511 2340 est
551 2287 689 2355 visa,
729 2287 972 2355 utrisque
1016 2288 1164 2339 venit
1203 2288 1258 2340 in
1300 2287 1609 2357 opinionem
1650 2286 1866 2357 signum

115 2375 141 2414 4
175 2383 205 2413 a
238 2362 531 2414 classiariis
572 2331 738 2433 regiis
779 2362 980 2414 datum.
1042 2381 1148 2429 quo
1182 2362 1389 2415 factum
1421 2364 1507 2415 est
1538 2364 1600 2415 ut
1632 2363 1688 2414 et
1700 2331 1866 2415 Ε,Ρειῖίἰ

175 2455 205 2488 a
231 2436 501 2489 deditione
528 2437 930 2489 deterrerentur
956 2441 1009 2487 et
1035 2435 1327 2505 Miltiades,
1359 2436 1559 2489 timens
1584 2454 1649 2488 ne
1676 2435 1866 2490 classis

176 2511 325 2580 regia
350 2511 681 2581 adventaret,
714 2511 947 2564 incensis
975 2511 1246 2579 operibus,
1271 2529 1407 2579 quae
1434 2514 1720 2580 statuerat,
1744 2529 1867 2565 cum

176 2585 402 2636 totidem
446 2586 674 2639 navibus
716 2590 879 2654 atque
920 2589 1037 2638 erat
1077 2586 1352 2653 profectus
1385 2584 1631 2638 Athenas
1670 2604 1868 2658 magna

118 2674 142 2712 b
177 2677 299 2712 cum
333 2660 626 2713 offensione
661 2661 859 2714 civium
893 2678 1112 2713 suorum
1151 2659 1363 2713 rediret.
1426 2664 1711 2714 accusatus
1736 2678 1867 2733 ergo

176 2737 260 2786 est
308 2734 655 2802 proditionis,
697 2735 863 2804 quod,
915 2753 1034 2787 cum
1079 2733 1276 2787 Parum
1319 2752 1626 2805 expugnare
1666 2738 1869 2806 posset,

176 2827 207 2860 a
247 2825 372 2879 rege
415 2814 701 2878 corruptus
744 2809 958 2862 infectis
1000 2810 1160 2861 rebus
1210 2809 1563 2863 discessisset.
1631 2826 1696 2864 eo
1735 2812 1869 2864 tem·

176 2900 305 2952 pore
339 2900 500 2953 aeger
532 2888 650 2936 crat
676 2885 1003 2952 vulneribuS,
1036 2902 1172 2952 quae
1199 2884 1252 2935 in
1279 2883 1643 2956 oppugnando
1667 2883 1868 2955 oppido

177 2962 473 3028 acceperat.
538 2958 721 3027 itaque
757 2978 877 3012 cum
912 2959 1026 3028 ipse
1068 2976 1166 3028 pro
1208 2977 1263 3011 se
1305 2959 1480 3013 dicere
1518 2976 1629 3013 non
1667 2961 1870 3029 posset,
