2164 3358
561 99 683 145 VIII.
719 98 1190 146 THRASYBULUS.
1244 103 1285 144 3.
1320 104 1362 145 4.
1775 102 1850 156 33

95 225 682 282 Lacedaemoniorum.
754 227 802 281 is
844 227 991 280 inter
1031 225 1447 296 Thrasybulum
1491 227 1547 279 et
1589 244 1710 296 eos,
1753 229 1847 297 qui

8 357 12 361 ,
94 304 292 359 urbem
348 304 641 372 tenebant,
700 302 833 357 fecit
889 320 1084 374 pacem
1137 301 1226 355 his
1278 301 1723 357 condicionibus:
1780 323 1848 358 ne

23 380 26 382 ’
95 380 192 453 qui
239 385 466 452 praeter
514 380 754 452 triginta
802 383 1073 450 tyrannos
1124 382 1180 431 et
1230 377 1442 448 decem,
1502 380 1596 450 qui
1650 384 1847 450 postea

93 460 383 529 praetores
426 457 598 512 creati
641 455 946 528 superioris
981 473 1134 508 more
1170 454 1520 509 crudelitatis
1556 461 1716 510 erant
1745 457 1848 529 usi,

95 532 455 589 afficerentur
504 533 670 587 exilio
718 550 854 586 neve
908 532 1058 586 bona
1115 531 1561 602 publicarentur:
1618 533 1698 588 rei
1751 553 1848 605 pu·

93 611 273 666 blicae
316 609 638 683 procuratio
678 608 888 680 populo
932 607 1270 662 redderetur.
1349 610 1700 680 praeclarum
1740 610 1848 665 hoc
1882 627 1909 666 5:

95 706 315 760 quoque
355 685 723 756 Thrasybuli,
766 685 914 756 quod
956 685 1318 740 reconciliata
1358 705 1520 757 pace,
1562 707 1686 741 cum
1730 688 1847 759 plu-

94 765 299 820 rimum
346 764 405 819 in
445 762 675 817 civitate
724 766 942 834 posset,
996 762 1179 835 legem
1229 762 1387 833 tulit,
1437 783 1504 817 ne
1548 765 1672 835 quis
1717 768 1845 819 ante

93 844 345 897 actarum
386 857 572 894 rerum
614 843 971 894 accusaretur
1011 858 1147 893 neve
1198 839 1558 911 multaretur,
1613 860 1844 912 eamque

92 916 177 972 illi
224 916 523 972 oblivionis
573 915 942 988 appellarunt.
1022 935 1200 987 neque
1242 935 1372 971 vero
1426 917 1570 972 hanc
1621 922 1843 972 tantum
1880 933 1905 973 3

89 992 376 1048 ferendam
425 993 668 1063 curavit,
717 993 813 1048 sed
864 993 1034 1047 etiam
1076 998 1140 1046 ut
1181 994 1393 1048 valeret
1435 994 1633 1050 effecit.
1713 1015 1844 1050 nam

89 1088 216 1125 cum
257 1070 485 1142 quidam
534 1089 600 1125 ex
647 1070 742 1141 iis,
792 1070 886 1141 qui
940 1070 1106 1125 simul
1150 1090 1275 1125 cum
1318 1090 1382 1125 eo
1425 1072 1480 1125 in
1523 1072 1689 1127 exilio
1733 1072 1844 1127 fue-

88 1151 241 1218 rant,
298 1147 524 1203 caedem
574 1145 755 1202 facere
806 1166 999 1202 eorum
1050 1147 1282 1218 vellent,
1341 1167 1466 1202 cum
1526 1149 1728 1220 quibus
1787 1151 1843 1204 in

88 1224 333 1298 gratiam
382 1224 626 1279 reditum
674 1228 796 1278 erat
844 1224 1089 1295 publice,
1139 1225 1433 1295 prohibuit
1483 1230 1539 1280 et
1589 1227 1644 1280 id
1695 1227 1840 1298 quod

87 1300 380 1372 pollicitus
422 1305 543 1356 erat
583 1301 885 1372 praestitit.

241 1377 389 1433 Huic
437 1397 539 1450 pro
590 1379 766 1432 tantis
816 1378 1034 1432 meritis
1085 1378 1316 1433 honoris
1358 1397 1521 1434 causa
1564 1399 1769 1434 corona
1811 1400 1841 1434 a
1875 1383 1910 1435 -Ξ

87 1455 296 1526 populo
322 1455 455 1509 data
478 1458 581 1526 est,
614 1454 766 1509 facta
792 1455 1007 1509 duabus
1035 1456 1270 1529 virgulis
1298 1455 1619 1529 oleagineis.
1675 1476 1840 1528 quam

87 1531 237 1602 quod
293 1550 452 1586 amor
509 1532 715 1586 civium
772 1535 829 1586 et
884 1551 998 1587 non
1051 1533 1135 1586 vis
1195 1536 1571 1606 expresserat,
1627 1535 1840 1588 nullam

84 1606 286 1663 habuit
325 1608 594 1663 invidiam
636 1627 950 1682 magnaque
985 1608 1095 1663 fuit
1129 1610 1324 1682 gloria.
1390 1611 1529 1665 bene
1564 1629 1696 1685 ergo
1726 1611 1840 1666 Pit·
1877 1636 1901 1665 .·

85 1687 245 1740 tacus
286 1685 398 1757 ille,
442 1686 536 1757 qui
579 1687 637 1740 in
679 1691 896 1757 septem
938 1687 1257 1758 sapientum
1298 1707 1530 1742 numero
1566 1693 1653 1743 est
1685 1689 1840 1743 habi-

86 1763 211 1833 tus,
277 1780 403 1817 cum
459 1761 787 1834 Mytilenaei
845 1764 1023 1818 multa
1082 1764 1237 1817 milia
1297 1765 1550 1838 iugerum
1611 1766 1731 1839 agri
1789 1767 1837 1820 ei

88 1839 303 1893 muneri
351 1839 572 1911 darent,
616 1838 827 1913 ‘nolite,
863 1861 960 1896 oro
996 1842 1130 1912 voss
1170 1842 1354 1912 inquit
1396 1841 1469 1896 ‘id
1514 1843 1650 1897 mihi
1694 1844 1838 1915 dare,

87 1914 237 1985 quod
261 1916 428 1971 multi
452 1916 754 1988 invideant,
786 1918 973 1989 plures
1002 1918 1172 1972 etiam
1200 1919 1611 1990 concupiscant.
1669 1940 1836 1991 quare

86 2009 154 2046 ex
193 1991 320 2047 istis
360 1993 493 2048 nolo
536 1994 777 2066 amplius
829 2013 996 2065 quam
1047 1999 1270 2049 centum
1320 1996 1538 2069 iugera,
1591 2017 1730 2068 quae
1781 2001 1837 2051 et

85 2086 268 2123 meam
326 2070 498 2124 animi
556 2071 899 2142 aequitatem
951 2075 1007 2125 et
1056 2077 1298 2126 vestram
1351 2073 1700 2128 voluntatem
1759 2076 1835 2128 in-

84 2144 307 2200 dicent?
386 2166 517 2202 nam
573 2167 745 2220 parva
794 2168 1022 2203 munera
1073 2150 1313 2221 diutina,
1370 2150 1670 2222 locupletia
1724 2171 1831 2206 non

84 2223 313 2294 propria
353 2242 473 2278 esse
516 2229 868 2280 consuerunt.
934 2226 1030 2279 illa
1072 2226 1248 2298 igitur
1290 2245 1495 2282 corona
1537 2233 1832 2283 contentus
1867 2243 1894 2283 3

264 2301 468 2373 ybulus
524 2321 703 2374 neque
763 2303 1003 2374 amplius
1062 2305 1355 2374 requisivit
1413 2324 1589 2375 neque
1651 2324 1833 2376 quem-

89 2390 255 2444 quam
284 2376 495 2434 honore
530 2397 588 2434 se
623 2380 991 2434 antecessisse
1026 2381 1384 2434 existimavit.
1451 2382 1540 2434 hic
1576 2383 1829 2453 sequenti
1866 2397 1896 2438 ⁴2

88 2453 354 2525 tempore,
394 2473 521 2510 cum
562 2461 789 2528 praetor
831 2458 1068 2511 classem
1112 2458 1178 2511 ad
1221 2457 1475 2514 Ciliciam
1520 2460 1833 2529 appulisset

87 2544 265 2598 neque
311 2531 449 2587 satis
499 2532 796 2606 diligenter
844 2534 902 2588 in
953 2535 1152 2589 castris
1197 2536 1311 2589 eius
1357 2540 1655 2606 agerentur
1696 2537 1832 2610 vigi·

88 2602 219 2675 liae,
267 2622 300 2659 a
344 2606 599 2664 barbaris
649 2629 714 2665 ex
765 2611 969 2683 oppido
1020 2615 1189 2667 noctu
1241 2613 1530 2682 eruptione
1582 2614 1731 2668 facta
1772 2615 1829 2669 in

87 2679 448 2739 tabernaculo
488 2686 818 2742 interfectus
861 2693 962 2742 est.

771 2887 1107 2897 ———-

174 3082 411 3122 comm·
437 3086 584 3122 που..
1528 3096 1551 3130 3
