2019 3310
223 136 292 189 36
833 133 910 178 IX.
945 133 1167 179 CONON.
1215 139 1256 180 4.
1285 140 1310 178 5

224 258 419 327 opibus
468 256 845 326 praefuturum
893 274 954 308 ac
995 274 1176 308 secum
1228 255 1612 307 dimicaturum
1650 255 1923 324 videbant,

224 351 385 402 quem
432 350 604 400 neque
653 330 882 384 consilio
930 349 1103 399 neque
1152 329 1322 399 copiis
1375 347 1628 398 superare
1682 332 1922 398 possent.

222 407 324 460 hac
374 411 552 458 mente
602 423 858 475 magnam
907 404 1238 457 contrahunt
1277 404 1530 457 classem:
1576 403 1923 473 proficiscun-

224 487 314 534 tur
355 480 619 532 Pisandro
661 479 807 532 duce.
874 479 975 532 hos
1016 477 1206 533 Conon
1247 479 1388 548 apud
1428 476 1660 531 Cnidum
1699 478 1922 531 adortus

224 573 422 626 magno
462 554 671 623 proelio
720 552 902 624 fugat,
949 554 1151 606 multas
1193 571 1356 605 naves
1399 553 1567 621 capit,
1615 553 1920 622 complures

224 630 495 698 deprimit.
553 647 658 698 qua
690 628 921 681 victoria
945 646 1054 681 non
1082 628 1256 680 solum
1285 627 1548 696 Athenae,
1581 626 1673 679 sed
1709 627 1920 694 [etiam]

223 708 418 756 cuncta
451 701 693 772 Graecia,
727 721 863 772 quae
898 703 998 755 sub
1033 701 1584 755 Lacedaemoniorum
1615 700 1796 754 fuerat
1826 701 1924 754 im-

164 795 188 833 5
223 779 390 848 peric,
415 778 649 830 liberata
673 782 771 830 est.
817 776 1007 830 Conon
1032 796 1154 830 cum
1180 781 1334 846 parte
1360 777 1581 829 navium
1604 775 1661 828 in
1686 775 1923 845 patriam

164 1155 197 1207 5

164 1465 190 1505 2

222 854 394 922 venit,
441 871 626 905 muros
667 853 878 905 dirutos
921 870 951 904 a
991 850 1274 920 Lysandro
1314 855 1598 920 utrosque,
1649 854 1705 903 et
1744 849 1924 903 Piraei

222 932 278 981 et
310 927 668 995 Athenarum,
708 926 1027 979 reficiendos
1070 930 1225 978 curat
1263 926 1627 995 pecuniaeque
1662 926 1924 994 quinqua-

223 1004 379 1073 ginta
426 1002 657 1070 talenta,
709 1019 844 1070 quae
886 1019 917 1052 a
957 1000 1310 1052 Pharnabazo
1360 1004 1664 1070 acceperat,
1714 1000 1923 1053 civibus

227 1078 338 1130 suis
379 1076 559 1129 donat.

373 1151 589 1203 Accidit
629 1150 778 1219 huic,
827 1150 969 1219 quod
1011 1149 1205 1202 ceteris
1246 1149 1595 1218 mortalibus,
1641 1153 1705 1202 ut
1744 1151 1924 1203 incon-

225 1226 514 1278 sideratior
558 1226 615 1277 in
663 1225 895 1278 secunda
944 1243 1107 1293 quam
1146 1224 1203 1276 in
1244 1223 1468 1276 adversa
1507 1226 1652 1276 esset
1689 1223 1923 1277 fortuna.

222 1320 350 1353 nam
398 1301 569 1354 classe
617 1298 1139 1369 Peloponnesiorum
1188 1298 1421 1366 devicta,
1470 1316 1593 1351 cum
1639 1298 1818 1351 ultum
1866 1317 1921 1352 se

224 1376 450 1428 iniurias
501 1375 710 1443 patriae
759 1378 1001 1443 putaret,
1047 1374 1206 1443 plura
1253 1373 1565 1442 concupivit
1612 1391 1775 1442 quam
1815 1372 1926 1426 effi-

225 1469 342 1503 cere
399 1450 595 1519 potuit.
674 1467 846 1517 neque
903 1454 1086 1501 tamen
1134 1467 1197 1501 ea
1242 1466 1351 1501 non
1398 1449 1489 1517 pia
1536 1451 1592 1501 et
1644 1448 1926 1517 probanda

223 1524 466 1592 fuerunt,
519 1523 661 1593 quod
702 1524 885 1592 potius
926 1524 1135 1592 patriae
1178 1540 1306 1592 opes
1349 1522 1534 1593 augeri
1575 1540 1738 1591 quam
1779 1523 1924 1594 regis

224 1600 433 1651 maluit.
510 1617 637 1651 nam
686 1617 807 1651 cum
857 1616 1112 1669 magnam
1162 1597 1547 1650 auctoritatem
1595 1597 1700 1650 sibi
1741 1615 1923 1667 pugna

224 1675 321 1726 illa
360 1673 563 1742 navali,
612 1691 774 1742 quam
816 1673 957 1742 apud
999 1672 1230 1726 Cnidum
1271 1672 1496 1741 fecerat,
1544 1671 1925 1725 constituisset

224 1768 330 1801 non
374 1748 551 1801 solum
591 1748 733 1800 inter
773 1748 1053 1816 barbarOS,
1095 1747 1188 1802 sed
1228 1747 1394 1800 etiam
1437 1764 1622 1800 omnes
1666 1745 1924 1800 Graeciae

226 1824 498 1891 civitate8‚
563 1822 702 1875 clam
759 1822 884 1875 dare
942 1840 1161 1892 operam
1217 1822 1423 1891 coepit,
1487 1825 1548 1874 ut
1603 1820 1814 1874 Ioniam
1870 1825 1925 1874 et

226 1898 475 1950 Aeoliam
510 1898 824 1950 restitueret
849 1897 1293 1950 Atheniensibus.
1352 1896 1406 1949 id
1440 1914 1561 1949 cum
1594 1896 1773 1949 minus
1807 1896 1923 1949 dili-

227 1977 419 2043 genter
451 1976 596 2023 esset
629 1972 879 2041 celatum,
911 1971 1211 2040 Tiribazus,
1245 1971 1336 2041 qui
1365 1970 1626 2024 Sardibus
1658 1975 1922 2041 praeerat,

227 2046 504 2101 Cononem
546 2048 805 2114 evocavit,
847 2047 1109 2100 simulans
1143 2047 1209 2099 ad
1243 2064 1425 2117 regem
1459 2065 1581 2099 eum
1615 2063 1671 2099 se
1704 2045 1921 2099 mittere

228 2122 364 2174 velle
397 2138 595 2191 magna
629 2122 692 2173 de
727 2140 796 2173 re
860 2123 1021 2174 huius
1055 2122 1246 2174 nuntio
1288 2139 1482 2191 parens
1517 2138 1640 2174 cum
1671 2119 1922 2188 venisset,

226 2198 283 2249 in
339 2196 517 2249 vincla
572 2196 846 2248 coniectus
895 2201 1002 2265 est,
1056 2197 1111 2249 in
1165 2197 1361 2266 quibus
1416 2194 1748 2265 aliquamdiu
1802 2194 1919 2247 fuit.

168 2293 192 2324 aa
229 2271 348 2324 inde
404 2271 651 2323 nonnulli
707 2289 828 2323 eum
882 2271 946 2323 ad
996 2289 1178 2341 regem
1228 2271 1520 2324 abductum
1569 2269 1750 2338 ibique
1799 2288 1921 2322 eum

226 2347 430 2429 perisse
472 2346 737 2430 scriptum
779 2346 1129 2413 reliquerunt.
1200 2349 1391 2400 contra
1430 2363 1491 2397 ea
1532 2342 1710 2397 Dinon
1753 2343 1922 2398 histo·

228 2422 394 2488 ricus,
443 2421 525 2472 cui
577 2438 676 2473 nos
725 2421 1016 2489 plurimum
1059 2421 1121 2473 de
1163 2420 1394 2474 Persicis
1436 2419 1596 2471 rebus
1640 2419 1921 2488 credimuS,

226 2464 479 2565 effugisse
537 2495 788 2565 scripsit.
853 2495 985 2547 illud
1051 2496 1367 2565 addubitat,
1432 2500 1611 2547 utrum
1668 2493 1918 2547 Tiribazo

229 2570 431 2622 sciente
474 2588 540 2622 an
582 2570 922 2640 imprudente
964 2570 1034 2621 sit
1078 2572 1298 2623 iactum.

906 2778 1060 2786 -Q—Q—
1075 2780 1095 2782 ..
